@techreport{abe2015,
author = {Francisco Louzada and Lisbeth Cordani and Jorge Bazan and Teresa Serrano Barbosa},
year = {2015},
title = {Reflexões a Respeito dos Conteúdos de Probabilidade e Estatística na Escola no Brasil - Uma Proposta},
institution = {Associação Brasileira de Estatística},
address = {São Paulo, Brasil}
}

@book{batanero2011,
  title={Teaching Statistics in School Mathematics-Challenges for Teaching and Teacher Education},
  author={Batanero, Carmen and Burrill, Gail and Reading, Chris},
  year={2011},
  series = {A Joint ICMI/IASE Study: The 18th ICMI Study},
  publisher={Springer},
  address = {Nova Iorque, Estados Unidos}
}

@book{batanero2016,
	author = {Batanero, Carmen and Borovcnik, Manfred},
	title = {Statistics and Probability in High School},
	publisher = {Springer},
	year = {2016},
	address = {Nova Iorque, Estados Unidos}
}

@book{bussab2017,
	author = {Wilton Oliveira Bussab and Pedro Alberto Morettin},
	title = {Estatística Básica},
	edition = {9},
	publisher = {Saraiva},
	year = {2017},
	addrss = {São Paulo, Brasil}
}

@misc{cordani2002,
	author = {Lisbeth K. Cordani},
	title = {Estatística para Todos},
	howpublished = {Oficina},
	year = {2002},
	note = {Disponível em: \url{http://www.bienasbm.ufba.br/OF14.pdf}. Acesso em 24 de fevereiro de 2021}
}

@article{veaux2008,
	title = {Math Is Music; Statistics Is Literature (Or, Why Are There No Six-Year-Old Novelists?)},
	author = {Richard D. De Veaux and Paul F. Velleman},
	journal = {Amstat News},
	year = {2008},
	pages = {54-57},
	publisher = {American Statistical Association},
	address = {Massachusetts, Estados Unidos}
}

@misc{ibge2017,
	author = {IBGE},
	title = {Vamos contar},
	year = {2017},
	howpublisher = {Portal do IBGE},
	misc = {Disponível em \url{https://vamoscontar.ibge.gov.br/}. Acesso em 29 de agosto de 2017}
}

@article{franklin2007,
	title = {Guidelines for Assessment and Instruction in Statistics Education (GAISE) Report: A Pre-K–12 Curriculum Framework)},
	author = {Christine Franklin and Gary Kader and Denise Mewborn and Jerry Moreno and Roxy Peck and Micke Perry and Richard Scheaffer},
	journal = {Amstat News},
	year = {2007},
	publisher = {American Statistical Association},
	address = {Massachusetts, Estados Unidos}
}

@book{pfenning2011,
	title = {Elementary Statistics: Looking at the Big Picture},
	author = {Nancy Pfenning},
	publisher = {Cengage Learning},
	edition = {1},
	year = {2011},
	address = {Massachusetts, Estados Unidos}
}

@book{rossman1998,
	author = {Allan J. Rossman and Beth L. Chance},
	title = {Workshop Statistics: Discovery With Data},
	publisher = {Springer},
	address = {Nova Iorque, Estados Unidos},
	edition = {1},
	year = {1998}
}