@techreport{abe2015,
author = {Francisco Louzada and Lisbeth Cordani and Jorge Bazan and Teresa Serrano Barbosa},
year = {2015},
title = {Reflexões a Respeito dos Conteúdos de Probabilidade e Estatística na Escola no Brasil - Uma Proposta},
institution = {Associação Brasileira de Estatística},
address = {São Paulo, Brasil}
}

@book{batanero2011,
  title={Teaching Statistics in School Mathematics-Challenges for Teaching and Teacher Education},
  author={Batanero, Carmen and Burrill, Gail and Reading, Chris},
  year={2011},
  series = {A Joint ICMI/IASE Study: The 18th ICMI Study},
  publisher={Springer},
  address = {Nova Iorque, Estados Unidos}
}

@book{batanero2016,
	author = {Batanero, Carmen and Borovcnik, Manfred},
	title = {Statistics and Probability in High School},
	publisher = {Springer},
	year = {2016},
	address = {Nova Iorque, Estados Unidos}
}

@book{bussab2017,
	author = {Wilton Oliveira Bussab and Pedro Alberto Morettin},
	title = {Estatística Básica},
	edition = {9},
	publisher = {Saraiva},
	year = {2017},
	addrss = {São Paulo, Brasil}
}

@book{levine2000,
	title = {Estatística: Teoria E Aplicações},
	author = {David M. Levine and David F. Stephan and Kathryn A. Szabat},
	publisher = {LTC},
	year = {2000},
	address = {Rio de Janeiro, Brasil}
}

@book{rossman1998,
	author = {Allan J. Rossman and Beth L. Chance},
	title = {Workshop Statistics: Discovery With Data},
	publisher = {Springer},
	address = {Nova Iorque, Estados Unidos},
	edition = {1},
	year = {1998}
}

@book{triola2005,
	author = {Mario G. Triola},
	title = {Introdução à Estatística},
	publisher = {LTC},
	year = {2005},
	address = {Rio de Janeiro, Brasil},
	edition = {9}
}
