@article{Alagic2006,
  title={  Explore Linear and Exponential Growth: Spreadsheets as Cognitive Tools.},
  author={Mara Alagic and Diana Palenz},
  journal={The Journal of Technology and Teacher Education},
  year={2006},
  volume={14},
  pages={633-649},
  address={Wichita, Estados Unidos}

}

@mastersthesis{Bergsma2019,
  title={Students' understanding of exponents and exponential functions at a secondary school in the northern Netherlands},
  author={Yosha Bergsma},
  year={2019},
  school={University of Groningen},
  journal = {Bachelor’s Project Mathematics.}
}

@article{Borges2015, 
title={Limites de Estudantes do 1º Ano do Ensino Médio na Resolução de Atividade de Potenciação},
volume={8},
url={https://periodicos.ufms.br/index.php/pedmat/article/view/1391}, 
number={16},
journal={Perspectivas da Educação Matemática}, 
author={Borges, Walter Aparecido and Oliveira, Maria Helena Palma de and Dias, Marlene Alves}, 
year={2015}, 
}

@article{Bush2015,
author = {Bush, Sarah and Gibbons, Katie and Karp, Karen and Dillon, Fred},
year = {2015},
month = {09},
pages = {},
title = {Epidemics, Exponential Functions, and Modeling},
volume = {21},
journal = {Mathematics Teaching in the Middle School},
doi = {10.5951/mathteacmiddscho.21.2.0090}
}


@article{Davis2009,
  doi = {10.1007/s10857-009-9115-2},
  url = {https://doi.org/10.1007/s10857-009-9115-2},
  year = {2009},
  publisher = {Springer Science and Business Media {LLC}},
  volume = {12},
  number = {5},
  pages = {365--389},
  author = {Jon D. Davis},
  title = {Understanding the influence of two mathematics textbooks on prospective secondary teachers' knowledge},
  journal = {Journal of Mathematics Teacher Education},
  address = {New York, Estados Unidos},

}

@article{Ellis2012,
author = {Ellis, Amy and Özgür, Zekiye and Kulow, Torrey and Williams, Caro and Amidon, Joel},
year = {2012},
month = {01},
pages = {93-112},
title = {Quantifying exponential growth: The case of the jactus},
volume = {2},
journal = {WISDOMe Monographs}
}

@article{Presmeg2005,
author = {Presmeg, Norma and Nenduradu, Rajeev},
year = {2005},
month = {01},
pages = {105-112},
title = {An investigation of a preservice teacher's use of representations in solving algebraic problems involving exponential relationships},
volume = {4},
journal = {Proceedings of the 29th PME International Conference}
}

@Book{Seidel2007,
 author = {Seidel, Robert},
 title = {From principles of learning to strategies for instruction : with Workbook companion : a needs-based focus on high school adolescents},
 publisher = {Springer},
 year = {2007},
 address = {New York, Estados Unidos},
 isbn = {978-0-387-71086-0}
 }


@article{Silva2015,
author = {Silva, Jos\'{e} Aguiar Silva},
title = {Contexto e aplicações das funções exponenciais no ensino médio: uma abordagem interdisciplinar.},
journal = {Dissertação (Mestrado em Matemática)},
publisher = {Universidade Estadual do Norte Fluminense Darcy Ribeiro. Centro de Ciência e Tecnologia. Laboratório de Ciências Matemáticas},
year = {2015},
address = {Campos dos Goytacazes, Rio de Janeiro, Brasil}
}

@article{Weber2002,
author = {Weber, Keith},
year = {2002},
month = {01},
pages = {1-10},
title = {Students' understanding of exponential and logarithmic functions},
journal = {Second international conference on the teaching of mathematics},
address = {Crete, Greece}
}

@article{Wu2011,
author = {Wu, Hung-Hsi},
year = {2011},
title = {The Mis-Education of Mathematics Teachers},
journal = {Notices of the American Mathematical Society},
publisher = {American Mathematical Society},
volume = {58},
number = {3},
pages = {372-384},
address = {}
}

 @manual{BNCC2018,
  author = {Brasil},
  title = {Base Nacional Comum Curricular},
  year = {2018},
  organization = {Ministério da Educação},
  note = {Disponível em: \url{http://basenacionalcomum.mec.gov.br}},
  address = {Brasília, Brasil}
}




