@book{barbosa1993,
	author = {Barbosa, R. M.},
	title = {Descobrindo Padrões em Mosaicos},
	edition = {4},
	address = {São Paulo, SP},
	publisher = {Atual},
	year = {1993}	
}

@article{blanco2011,
	author = {Blanco, Maria Francisca and Harris, A. L. N.},
	title = {Symmetry groups in the Alhambra},
	journal = {VisMath},
	volume = {13},
	number = {1},
	year = {2011},
	pages = {1-43}
}

@book{bool1982,
	title = {M.C. Escher: His Life and Complete Graphic Work (With a Fully Illustrated Catalogue)},
	author = {Bool, F. H.},
	publisher = {Harry N. Abrams, Inc},
	year = {1982},
	address = {Nova Iorque, NY, EUA}
}

@article{chakraborty2017,
	title = {Harry N. Abrams, Inc},
	author = {Debananda Chakraborty and Gunhan Caglayan},
	journal = {Mathematics Teacher},
	volume = {111},
	number = {2},
	pages = {90-94},
	year = {2017}	
}

@book{chalub2011,
	author = {Fábio Augusto da Costa Carvalho Chalub},
	title = {A Terra É Azulejo},
	year = {2011},
	publisher = {Sociedade Portuguesa de Matemática},
	address = {Lisboa, Portugal}
}

@mastersthesis{coelho2014,
	author ={Ancré Coelho},
	title = {Estudo dos polígonos por intermédio da pavimentação do plano},
	year = {2014},
	school = {Universidade Federal de Goiás - UFG},
	address = {Catalão, GO},	
}

@article{rocha2009,
	author = {Gicele da Rocha Rossi and Eleni Bisognin},
	title = {Explorando a geometria dos pisos e dos frisos por meio do software geogebra},
	journal = {Revista Novas Tecnologias na Educação},
	volume = {7},
	number = {3},
	pages = {411-420},
	year = {2009}	
}

@article{dasilva1994,
	author = {Euripedes Alves da Silva and Moarcos Luiz Lourenço and Luiz Carlos Martins Jr.},
	title = {Uma introdução à pavimentação arquimediana do plano},
	journal = {Boletim de Educação Matemática},
	volume = {9},
	number = {10},
	pages = {53-66},
	year = {1994}
}

@book{dias2010,
	author = {Dias, Cláudio Carlos and Dias, João Carlos Vieira Sampaio},
	title = {Desafio geométrico: módulo I},
	publisher = {Central de Texto},
	year = {2010},
	address = {Cuiabá, MT},
	note = {"(Matem@tica na pr@tica. Curso de especialização para professores do ensino médio de matemática)"}
}

@mastersthesis{gomes2017,
	title ={Ladrilhamento no plano com uso de software Geogebra},
	author = {Thiagos de Azevedo Gomes},
	school = {Unigranrio},
	year = {2017},
	address = {Duque de Caxias, RJ}
}

@book{grunbaum1987,
	author = {Brank Grunbaum and Geoffrey C. Shephard},
	title = {Tilings and Patterns},
	year = {1987},
	address = {Nova Iorque, Estados Unidos},
	publisher = {W. H. Freeman and Company}
}

@article{goodman2016,
	author = {Chaim Goodman-Strauss},
	title = {Tessellations},
	journal = {arXiv:1606.04459},
	year = {2016},
}

@article{mello2015,
	author = {Leila Inês Pagliarini Mello},
	title = {Ladrilhamentos no plano: uma atividade para o Ensino Médio},
	journal = {Revista Eletrônica da Matemática},
	volume = {1},
	number = {2},
	year = {2015}
}

@article{sallum2015,
	author = {Elvia Mureb Sallum},
	title = {Ladrilhamentos},
	journal = {Instituto de Matemática e Estatística - USP},
	year = {2015}
}

@mastersthesis{silva2014,
	author = {Rafael Necchi Silva},
	title = {Sobre pavimentações do plano euclidiano},
	school = {Universidade Estadual Paulista - Unesp},
	year = {2014},
	address = {Rubião Junior, SP}
}

@article{uribe2014,
	author = {Sonia Milena Uribe Garzón and Óscar Leonardo Cárdenas Forero and James Frank Becerra Martínez},
	title = {Teselaciones para niños: una estrategia para el desarrollo del pensamiento geométrico y espacial de los niños},
	journal = {Educación matemática},
	volume = {26},
	number = {2},
	pages = {135-160},
	year = {2014}
}

@book{billstein2015,
	author = {Rick Billstein and Shlomo Libeskind and Johnny Lott},
	title = {A Problem Solving Approach to Mathematics for Elementary School Teacher},
	publisher = {Pearson},
	edition = {12},	
	year = {2015}
}

@conference{cllingham,
	author = {Rosemary Callingham},
	title = {Proceedings of the 28th Conference of the International Group for the Psychology of Mathematics Education},
	booktitle = {Proceedings of the 28th Conference of the International Group for the Psychology of Mathematics Education},
	year = {2004},
	volume = {2},
	pages = {183-190},
	address = {Bergen, Noruega},
	editor = {Marit Johnsen Høines and Anne Berit Fuglestad}
}

@article{eberle2014,
	author = {Eberle, R. S.},
	title = {The role of children's mathematical aesthetics: The case of tessellations},
	year = {2014},
	journal = {The Journal of Mathematical Behavior},
	volume = {35},
	pages = {129-143}	
}

@article{fuys1988,
	author = {David Fuys and Dorothy Geddes and Rosamond Tischler},
	title = {The Van Hiele Model of Thinking in Geometry among Adolescents},
	year = {1988},
	journal = {Journal for Research in Mathematics Education. Monograph},
	volume = {3},
	pages = {1-196}
}

@article{outhred2000,
	author = {Outhred, L. N. and Mitchelmore, M. C.},
	year = {2000},
	title = {Young children‘s intuitive understanding of rectangular area measurement},
	journal = {Journal for Research in Mathematics Education},
	volume = {31},
	number = {2},
	pages = {144-167}
}

@article{owens1998,
	author = {Owens, K. and Outhred, L.},
	title = {Covering shapes with tiles: Primary students‘ visualization and drawing},
	journal = {Mathematics Education Research Journal},
	volume = {10},
	number = {3},
	pages = {28-41},
	year = {1998}
}

@book{serra1993,
	author = {Michael Serra},
	title = {Discovering Geometry: An Inductive Approach},
	year = {1993},
	address = {Berkeley, CA, EUA},
	publisher = {Key Curriculum Press}
}

@book{hatfield2000,
	author = {Hatfield, M. and Edwards, N. and Bitter, G. and Morrow, J.},
	year = {2000},
	title = {Mathematics methods for elementary and middle school teachers},
	address = {Nova Iorque, NY, EUA},
	publisher = {John Wiley \& Sons}
}

@conference{marchini2003,
	author = {Marchini, C.},
	year = {2003},
	title = {Different cultures of the youngest students about space (and infinity)},
	booktitle = {Proceedings of the Third Conference of the European Society for Research in Mathematics Education},
	address = {Bellaria, Itália},
	editor = {Maria Alessandra Mariotti}
}

@book{odaffer,
	author = {O'Daffer, P. and Charles, R. and Cooney, T. and Dossey, J. and Schielack, J.},
	year = {1998},
	title = {Mathematics for Elementary School Teachers},
	address = {Reading, MA, EUA},
	publisher = {Addison-Wesley}
}

@article{ward2003,
	author = {Ward, R. A.},
	title = {Teaching tessellations to preservice teachers using TesselMania! Deluxe: A Vygotskian approach},
	journal = {Information Technology in Childhood Education Annual},
	year = {2003},
	volume = {2003},
	number = {1},
	pages = {69-78}
}

@article{wheatley1996,
	author = {Wheatley, G. H. and Reynolds, A.},
	title = {The construction of abstract units in geometric and numeric settings},
	journal = {Educational Studies in Mathematics},
	volume = {30},
	number = {1},
	pages = {67-83},
	year = {1996}
}

@article{ponte2003,
	author = {João Pedro da Ponte},
	title = {Investigação sobre Investigações Matemáticas em Portugal},
	journal = {Investigar em Educação},
	year = {2003},
	volume = {2},
	pages = {93-169}
}

 @manual{PCN1999,
   author = {Brasil},
   title = {Parâmetros Curriculares Nacionais},
   organization = {Ministério da Educação},
   address = {Brasília, Brasil},
   year = 1999
}

 @manual{BNCC2018,
	author = {Brasil},
	title = {Base Nacional Comum Curricular},
	year = {2018},
	organization = {Ministério da Educação},
	note = {Disponível em: \url{http://basenacionalcomum.mec.gov.br}},
	address = {Brasília, Brasil}
}
