@article{Ball2008,
  year = {2008},
  publisher = {Springer},
  author = {Philip Ball},
  title = {Why we should love logarithms},
  journal = {Nature},
  address = {Nova Iorque, Estados Unidos}
}

@Book{Berezovski2004,
 author = {Berezovski, Tetyana},
 title = {An Inquiry into High School Students' Understanding of Logarithms},
 publisher = {VDM Verlag Dr. Müller},
 year = {2010},
 address = {Saarbrücken, Alemana},
 isbn = {978-3639052411}
 }

  @manual{BNCC2018,
	author = {Brasil},
	title = {Base Nacional Comum Curricular},
	year = {2018},
	organization = {Ministério da Educação},
	note = {Disponível em: \url{http://basenacionalcomum.mec.gov.br}},
	address = {Brasília, Brasil}
}

@techreport{Bortolossi2016,
  author       = {Humberto José Bortolossi and João Júlio Dias Bastos Queiroz and Michele Maria da Silva}, 
  title        = {A Lei de Zipf e Outras Leis de Potência em Dados Empíricos},
  institution  = {Instituto de Matemática e Estatística Universidade Federal Fluminense},
  year         = {2016},
  address      = {Rio de Janeiro, Brasil},
}



@InCollection{Weber2017,
title        =  {Weber's law},
booktitle    =  {Encyclopædia Britannica},
author       =  {The Editors {of} {Encyclopaedia Britannica}},
publisher    =  {Encyclopædia Britannica},
url          =  {\url{https://www.britannica.com/science/Webers-law}},
year         =  {2020},
}

@misc{Flerlage17,
  author       = {Ken Flerlage}, 
  title        = {The Solar System To Scale},
  howpublished = {Disponível em: \url{https://www.flerlagetwins.com/2017/04/all-us-of-remember-learning-about.html
}},
  year         = 2017,
  note         = {An optional note}
}

@Inbook{HeuvelPanhuizen,
author="Marja {van} {den} Heuvel-Panhuizen
and Paul Drijvers",
title="Realistic Mathematics Education",
bookTitle="Encyclopedia of Mathematics Education",
year="2020",
publisher="Springer Netherlands",
address="Dordrecht, Holanda, ",
pages="521–525",
}

@article{IUPAC2002,
  title={Measurement of pH. Definition, standards, and procedures (IUPAC Recommendations 2002)},
  author={Buck, R. P. and Rondinini, S. and Covington, A. K. and Baucke, F. G. K. and Brett, Christopher M. A. and Camões, M.F. and Milton, M. J. T. and Mussini, T. and Naumann, Renate and Pratt, K.W. and Spitzer, P. and Wilson, G. S.},
  journal={Pure and applied chemistry},
  volume={74},
  number={11},
  pages={2169--2200},
  year={2002},
  publisher={De Gruyter},
  address ={Berlim, Alemanha}
}

@article{Kenney2013,
  title={Links in learning logarithms},
  author={Rachael Kenney and Signe E. Kastberg},
  journal={Australian Senior Mathematics Kournal},
  year={2013},
  volume={27},
  pages={12-20},
  publisher={Australian Association of Mathematics Teachers},
  address ={Canberra, Australia}
}

@article{Liang2005,
  author = {Chua Boon Liang and Eric Wood},
  title = {Working with logarithms: Students' misconceptions and errors},
  year = {2005},
  publisher = {Association of Mathematics Educators},
  journal = {The Mathematics Educator},
  volume = {8},
  number = {2},
  pages = {53-70},
  address = {Georgia, Estados Unidos}
  },

@article{Mayer15,
  title={How fast do living organisms move: Maximum speeds from bacteria to elephants and whales},
  author={N. Meyer-Vernet and J. Rospars},
  journal={American Journal of Physics},
  year={2015},
  volume={83},
  pages={719-722},
  publisher = {American Association of Physics Teachers},
  address = {Maryland, Estados Unidos}
}

  @manual{OCDE2016,
  author = {Brasil},
  title = {Brasil no PISA 2015: Análises e reflexões sobre o desempenho
dos estudantes brasileiros},
  year = {2016},
  organization = {Ministério da Educação},
  address = {Brasília, Brasil}
}

@Book{OCDE2018,
 title = {10 Questões para Professores de Matemática ... e como o PISA Pode Ajudar a Respondê-las},
 publisher = {SBM},
 author = {OCDE/IMPA},
 year = {2018},
 address = {Rio de Janeiro, Brasil},
 }

 @article{Panagiotou2011,
author = {Panagiotou, Evangelos},
year = {2010},
month = {01},
pages = {1-35},
title = {Using History to Teach Mathematics: The Case of Logarithms},
volume = {20},
journal = {Science \& Education},
publisher = {Springer},
address = {Nova Iorque, Estados Unidos}
}

@Book{Pedrosa2018,
 author = {Rose Elizangela Martins Pedrosa and Márcio Rostirolla Adames},
 title = {Logaritmos e a régua de cálculo: Uma proposta de ensino},
 year = {2018},
 publisher = {Edição do autor},
 address = {Curitiba, Brasil},
 note = {Disponível em: \url{http://paginapessoal.utfpr.edu.br/marcioadames/pesquisa}}
 }

@misc{misc,
  author       = {{ADW Team}}, 
  title        = {Animal Diversity Web - Quaardvark},
  howpublished = {University of Michigan - Museum of Zoology},
  year         = {2013},
  note         = {Disponível em: \url{https://animaldiversity.ummz.umich.edu/quaardvark/help/howto/}},

}

  @manual{SAEB2018,
  author = {Brasil},
  title = {Sistema de Avaliação da Educação Básica - Documentos de Referência, Versão 1.0},
  year = {2018},
  organization = {Instituto Nacional de Estudos e Pesquisas Educacionais Anísio Teixeira},
  address = {Brasília, Brasil}
}

@article{Webb2011,
author = {Webb, David and Kooij, Henk and Geist, Monica},
year = {2011},
title = {Design Research in the Netherlands: Introducing Logarithms Using Realistic Mathematics Education},
journal = {Journal of Mathematics Education at Teachers College},
publisher = {Teachers College - Columbia University},
volume = {2},
address = {Nova Iorque, Estados Unidos}
}

@article{Weber2016,
author = {Weber, Christof},
year = {2016},
month = {07},
pages = {69–98},
title = {Making Logarithms Accessible — Operational and Structural Basic Models for Logarithms},
volume = {37},
journal = {Journal für Mathematik-Didaktik},
publisher = {Springer Verlag},
address = {Berlim, Alemanha}
}