@article{Cohn-2012,
	author = {Cohn, N.},
	title = {Explaining ‘I Can’t Draw’: Parallels between The Structure and Development of Language and Drawing},
	journal = {Human Development},
	volume = {55},
	pages = {167-192},
	year = {2012},
}

@article{Cox-et-al-1998,
	author = {Cox, M. V. and Perara, J.},
	title = {Children’s Observational Drawings: A Nine-Point Scale for Scoring Drawings of A Cube},
	journal = {Educational Psychology},
	volume = {18},
	number = {3},
	pages = {309-317},
	year = {1998},
}

@book{Duval-2011,
	author = {Duval, R.},
	title = {Ler e Ensinar A Matemática de Outra Forma - Entrar no Modo Matemático de Pensar: Os Registros de Representações Semióticas},
	publisher = {Editora Livraria da Física},
	year = {2011},
	address = {São Paulo, Brasil}
}

@article{Ebersbach-et-al-2010,
	author = {Ebersbach, M. and Stiehler, S. and Asmus, P.},
	title = {On The Relationship between Children’s Perspective Taking in Complex Scenes and Their Spatial Drawing Ability},
	journal = {British Journal of Developmental Psychology},
	volume = {29},
	pages = {455-474},
	year = {2010}
}

@article{Ebersbach-et-al-2011,
	author = {Ebersbach, M. and Hagedom, H.},
	title = {The Role of Cognitive Flexibility in The Spatial Representation of Children’s Drawings},
	journal = {Journal of Cognition and Development},
	volume = {12},
	number = {1},
	pages = {32-55},
	year = {2011}	
}

@book{Edwards-2005,
	author = {Edwards, B.},
	title = {Desenhando Com o Lado Direito do Cérebro},
	edition = {8},
	publisher = {Ediouro},
	year = {2005},
	address = {Rio de Janeiro, Brasil}
}

@article{Fan-2015,
	author = {Fan, J. E.},
	title = {Drawing to Learn: How Producing Graphical Representations Enhances Scientific Thinking},
	journal = {Tranlational Issues in Psychological Science},
	volume = {1},
	number = {2},
	pages = {170-181},
	year = {2015}
}

@article{Fujita-et-al-2017,
	author = {T. Fujita and Yutaka Kondo and Hiroyuki Kumajura and Susumu Kunimune},
	title = {Students’ geometric thinking with cube representations: Assessment framework and empirical evidence},
	journal = {The Journal of Mathematical Behavior},
	volume = {46},
	pages = {96-111},
	year = {2017}
}

@article{Fyfe-et-al-2014,
	title = {Concreteness Fading in Mathematics and Science Instruction: A Systematic Review},
	author = {Emily R. Fyfe and Nicole M. McNeil and Ji Y Son and Robert L. Goldstone},
	journal = {Educational Psychology Review},
	volume = {26},
	pages = {9-25},
	year = {2014}
}

@book{Garner-2011,
	author = {Gardner, H.},
	title = {Frames of Mind: The Theory of Multiple Intelligences},
	publisher = {Basic Books},
	year = {2011},
	address = {Nova Iorque, Estados Unidos}
}


@article{Gray-et-al-2004,
	author = {Gray, J. R. and Thompson P. M.},
	title = {Neurobiology of Intelligence: Science and Ethics},
	journal = {Nature Reviews Neuroscience},
	volume = {5},
	pages = {471-482},
	year = {2004}
}

@article{Grunbaum-1985,
	author = {Grünbaum, B.},
	title = {Geometry Strikes Again. Mathematics Magazine},
	volume = {58},
	number = {1},
	pages = {12-17},
	year = {1985},
	journal = {Mathematics Magazine}
}

@article{Gutierres-1998,
	author = {Gutiérrez, A.},
	title = {Las Representaciones Planas de Cuerpos 3-Dimensionales En La Enseñanza de La Geometría Espacial},
	journal = {Revista EMA},
	volume = {3},
	number = {3},
	pages= {193-220},
	year = {1998}
}

@book{Howard-et-al-1995,
	author = {Howard, I. P. and Rogers, B. J.},
	title = {Binocular Vision and Stereopsis},
	publisher = {Oxford University Press},
	address = {Oxford, Reino Unido},
	year = {1995}
}


@book{Khine-2017,
	author = {Khine, M. S.},
	title = {Visual-Spatial Ability in STEM Educaton: Transforming Research into Practice},
	publisher = {Springer},
	address = {Nova Iorque, Estados Unidos},
	year = {2017}
}

@mastersthesis{Lellis-2009,
	author = {Lellis, M.},
	title = {Desenho em Perspectiva no Ensino Fundamental – Considerações Sobre Uma Experiência. Seminários de Ensino de Matemática (SEMA)},
	school = {Faculdade de Educação da Universidade de São Paulo},
	address = {São Paulo, Brasil},
	year = {2009},
	note = {Disponível em \url{https://goo.gl/77Unkk}}
}

@book{Lindberg-1976,
	author = {Lindberg, D. C.},
	title = {Theories of Vision from Al-Kindi To Kepler},
	publisher = {The University of Chicago Press},
	year = {1976},
	address = {Chicago, Estados Unidos}
}

@article{Mitchelmore-1978,
	author = {Mitchelmore, M. C.},
	title = {Developmental Stages in Children’s Representation of Regular Solid Figures},
	journal = {Journal of Genetic Psychology},
	volume = {133},
	number = {2},
	pages = {229-239},
	year = {1978}
}

@incollection{Morra-2008,
	author = {Morra, S.},
	title = {Spatial Structures in Children’s Drawings: How Do They Develop?},
	editor = {Lange-Küttner, C. and Vinter, A.},
	booktitle = {Drawing and The Non-Verbal Mind: A Life-Span Perspective},
	publisher = {Cambridge University Press},
	address = {Cambridge, Reino Unido},
	year = {2008}
}

@techreport{Newcombe-2017,
	author = {Newcombe, N.},
	title = {Harnessing Spatial Thinking to Support STEM Learning},
	type = {Working Paper},
	number = {161},
	institution = {OECD Education},
	address = {Paris, França},
	note = {Disponível em \url{https://goo.gl/kyiJ4z}},
	year = {2017}
}

@book{NRC-2006,
	author = "{National Research Council}",
	title = {Learning To Think Spatially},
	publisher = {The National Academies Press},
	address = {Washington, D. C., Estados Unidos},
	year = {2006}
}

@book{Pillar-2012,
	author = {Pillar, A. D.},
	title = {Desenho e Escrita como Sistemas de Representação},
	publisher = {Editora Penso},
	year = {2012},
	address = {Porto Alegra, Brasil}
}

@article{Pinilla-2007,
	author = {Pinilla, M. I. F.},
	title = {Fractions: Conceptual and Didactic Aspects},
	journal = {Acta Didactica Universitatis Comenianae},
	volume = {7},
	pages = {23-45},
	year = {2007}
}

@article{Quillin-et-al-2015,
	author = {Quillin, K.; Thomas, S.},
	title = {Drawing-to-Learn: A Framework for Using Drawings to Promote Model-Based Reasoning in Biology},
	journal = {CBE–Life Sciences Education},
	volume = {14},
	pages = {1-14},
	year = {2015}
}

@book{Santaella-1998,
	author = {Santaella, L.},
	title = {O que é Semiótica},
	series = {Coleção Primeiros Passos},
	volume = {103},
	publisher = {Editora Brasiliense},
	year = {1998}
}

@misc{Sinha-2009,
	author = {Sinha, P.},
	title = {Pawan Sinha em Como O Cérebro Aprender A Ver},
	howpublished = {Palestra TED},
	year = {2009},
	note = {Disponível em: \url{https://goo.gl/eDZKYo}}
}

@article{Sinclair-et-al-2016,
	author = {Nathalie Sinclair and Maria G. Bartolini Bussi and Michael de Villiers and Keith Jones and Ulrich Kortenkamp and Allen Leung and Kay Owens S},
	title = {Recent research on geometry education: an ICME-13 survey team report},
	journal = {ZDM Mathematics Education},
	volume = {48},
	pages = {691-719},
	year = {2016}
}

@article{Uttal-et-al-2012,
	author = {Uttal, D. H.; Cohen, C. A.},
	year = {2012},
	title = {Spatial Thinking and STEM Education: When, Why, and How?},
	journal = {Psychology of Learning and Motivation},
	volume = {57},
	pages = {147-181},
}

@article{Van-Meter-et-al-2005,
	author = {Van Meter, P. and Garner, J.},
	title = {The Promise and Practice of Learner-Generated Drawing: Literature Review and Synthesis},
	journal = {Educational Psychology Review},
	volume = {17},
	number = {4},
	pages = {285-325},
	year = {2005}
}

@conference{Volkert-2008,
	author = {Volkert, K.},
	title = {The Problem of Solid Geometry},
	year = {2008},
	booktitle = {Symposium on the Occasion of the 100th Anniversary of ICMI},
	address = {Roma, Itália},
	editor = {M. Menghini and F. Furinghetti and L. Giacardi and F. Arzarello},
	note = {Disponível em \url{https://goo.gl/Kt5g5C}}
}

@article{Willats-1977,
	author = {Willats, J.},
	title = {How Children Learn To Draw Realistic Pictures},
	journal = {Quaterly Journal of Experimental Psychology},
	volume = {29},
	pages = {367-382},
	year = {1977}	
}