@book{anton2007,
	author = {Howard Anton and Robert C. Busby},
	title = {Álgebra Linear Contemporânea},
	year = {2007},
	publisher = {Grupo A},
	series = {Bookman},
	address = {Porto Alegre, Brasil}
}

@article{barniol2014,
	author = {Barniol, P. and Zavala, G.},
	title = {Test of Understanding of Vectors: A reliable Multiple-Choice Vector Concept Test},
	publisher = {American Physical Society},
	journal = {Physical Review Special Topics - Physics Education Research},
	volume = {10},
	number = {1},
	year = {2014},
	address = {Nova Iorque, Estados Unidos}
}

@book{bello2013,
	author = {Bello, A. AL.},
	title = {Origins of Mathematical Words: A Comprehensive Dictionary of Latin, Greek, and Arabic Roots},
	year = {2013},
	publisher = {John Hopkins University Press},
	address = {Maryland, Estados Unidos}
}

@article{gardner1973,
	author = {Gardner, M.},
	title = {Mathematical Games - Sim, Chomp and Race Track: New Games for The Intellect (and not for Lady Luck)},
	journal = {Scientific American},
	volume = {228},
	number = {1},
	pages = {108-115},
	year = {1973},
	publisher = {Springer},
	address = {Nova Iorque, Estados Unidos}
}

@misc{gomes2010,
	author = {Gomes, A. M. D.},
	title = {Formigas do Deserto e Integração por Caminhos},
	year = {2010},
	note = {Disponível em: \url{https://bit.ly/3rccg20}},
	howpublished = {Conteúdo Digitais em Matemática e Estatística, Universidade Federal Fluminense}
}

@book{horn1998,
	author = {Robert E. Horn},
	title = {Visual Language: Global Communication for the 21st Century},
	year = {1998},
	publisher = {Macrovu Pr},
	address = {Washington, Estados Unidos}
}

@article{oliveira2009,
	author = {Oliveira, P. M. C.},
	title = {Corrida de Vetores: Vacina Contra O Raciocínio Aristotélico},
	journal = {Física na Escola},
	volume = {10},
	number = {1},
	pages = {40},
	year = {2009},
	publisher = {Sociedade Brasileira de Física}
}

@article{pinheiro2016,
	author = {Pinheiro, W. M. and Farias, A. C. S.},
	title = {Composição Específica, Bioecologia e Ecomorfologia da Ictiofauna Marinha Oriunda da Pesca de Pequena Escala},
	journal = {Boletim do Instituto de Pesca},
	volume = {42},
	number = {1},
	pages = {181-194},
	year = {2016},
	address = {São Paulo, Brasil},
	publisher = {Instituto de Pesca}
}

@inproceedings{poynter2005,
	author = {Poynter, A. and Tall, D.},
	title = {Relating Theories To Practice in The teaching of Mathematics},
	booktitle = {Proceedings of the Fourth Congress of the European Society for Research in Mathematics Education},
	pages = {1264-1273},
	year = {2005},
	publisher = {European Society for Research in Mathematics Education},
	address = {Sant Feliu de Guíxols, Espanha}
},

@article{roche1997,
	author = {Roche, J.},
	title = {Introducing Vectors},
	journal = {Physics Education},
	volume = {32},
	pages = {339-345},
	year = {1997},
	publisher = {Institute of Physics},
	address = {Londres, Reino Unido}
}

@book{sesamath2014,
	author = {Sésamath},
	title = {MATHS-2de},
	year = {2014},
	publisher = {Magnard},
	note = {Disponível em: \url{https://manuel.sesamath.net/index.php?page=telechargement_2nde_2014}}
}

@book{valentin2000,
	author = {Valentin, J. L.},
	title = {Ecologia Numérica: Uma Introdução À Análise Multivariada de Dados Ecológicos},
	publisher = {Editora Interciência},
	year = {2000},
	address = {Rio de Janeiro, Brasil}
}

@article{wehner1981,
	author = {Wehner, R. and Srinivasan, M. V.},
	title = {Searching Behaviour of Desert Ants, Genus Cataglyphis (Formicidae, Hymenoptera)},
	journal = {Journal of Comparative Physiology},
	volume = {142},
	pages = {315-338},
	year = {1981},
	publisher = {Springer},
	address = {Nova Iorque, Estados Unidos}
}

@article{wong2011,
	author = {Wong, B.},
	title = {Arrows},
	journal = {Nature Methods},
	volume = {8},
	number = {9},
	pages = {701},
	year = {2011},
	publisher = {Springer},
	address = {Nova Iorque, Estados Unidos}
}

