@techreport{Aguirre,
	author = {Aguirre, A. J.; Mello Filho, J.A. de.},
	title = {Introdução à Cartografia},
	year = {2007},
	institution = {Universidade Federal de Santa Maria},
	address = {Rio Grande do Sul, Brasil}
}

@book{Almeida,
author = {Rosangela Doin de Almeida},
title = {Do desenho ao mapa: iniciação cartográfica na escola},
publisher = {Contexto},
year = {2001},
address = {São Paulo, Brasil}
}

@article{Anderson,
 URL = {http://www.jstor.org/stable/3233844},
 author = {Kathleen C. Anderson and Gaea Leinhardt},
 journal = {Cognition and Instruction},
 number = {3},
 pages = {283--321},
 publisher = {Taylor & Francis, Ltd.},
 title = {Maps as Representations: Expert Novice Comparison of Projection Understanding},
 volume = {20},
 year = {2002}
}

@article{Avila,
	author = {Avila, G.},
	title = {A Matemática e a Cartografia},
	year = {2008},
	journal = {Revista do Professor de Matemática},
  publisher = {Sociedade Brasileira de Matemática},
  address = {Rio de Janeiro, Brasil},
	volume = {65},
	pages = {4-11}
}

@article{Battersby,
title = {Cues for Interpreting Distortion in Map Projections},
author = {Battersby, Sarah E. and Kessler, Fritz C.},
year = {2012},
day = {1},
doi = {10.1080/00221341.2011.609895},
language = {English (US)},
volume = {111},
pages = {93--101},
journal = {Journal of Geography},
issn = {0022-1341},
publisher = {Routledge},
number = {3},
}

@unpublished{Bortolossi,
author = {Bortolossi, Humberto and Vaz, Rogério and Junior, Almeida},
year = {2016},
month = {10},
title = {Usando o Software Dynatlas para Explorar a Cartografia como um Tema Interdisciplinar no Enisno da Matemática e da Geografia},
note = {Disponível em https://docplayer.com.br/storage/59/43089347/1612626670/pC8GV0kks51pJcFzvWckcg/43089347.pdf. Acesso em 06 de fevereiro de 2021}
}

@article{Bottomley,
author = {Bottomley, Henry},
year = {2003},
month = {07},
pages = {},
title = {Between the Sinusoidal projection and the Werner: an alternative to the Bonne},
journal = {Cybergeo: European Journal of Geography},
doi = {10.4000/cybergeo.3977}
}

@article{Braumann,
author = {Braumann, C},
title = {Divagações sobre investigação matemática e o seu papel na aprendizagem da matemática.}	,
journal = {As atividades de investigação na aprendizagem da matemática e na for-mação de professores},
pages = {5-24},
year = {2002},
address = {Lisboa}
}

@manual{PCN,
author = {Brasil},
title = {Parâmetros Curriculares Nacionais},
organization = {Ministério da Educação},
address = {Brasília, Brasil}, 
year = 1997
}

  @manual{BNCC2018,
  author = {Brasil},
  title = {Base Nacional Comum Curricular},
  year = {2018},
  organization = {Ministério da Educação},
  note = {Disponível em: \url{http://basenacionalcomum.mec.gov.br}},
  address = {Brasília, Brasil}
}

@article{Downs,
ISSN = {00045608, 14678306},
URL = {http://www.jstor.org/stable/2563306},
author = {Roger M. Downs and Lynn S. Liben},
journal = {Annals of the Association of American Geographers},
number = {2},
pages = {304--327},
publisher = {[Association of American Geographers, Taylor & Francis, Ltd.]},
title = {The Development of Expertise in Geography: A Cognitive-Developmental Approach to Geographic Education},
volume = {81},
year = {1991}
}

@article{Fenna,
author = {Strebe, Daniel},
year = {2008},
month = {03},
pages = {45-48},
title = {Cartographic Science: A Compendium of Map Projections, with Derivations},
journal = {Cartographic Perspectives},
doi = {10.14714/CP59.249}
}

@book{Feeman,
  title={Portraits of the Earth: A Mathematician Looks at Maps},
  author={Feeman, T.G.},
  isbn={9781470411930},
  lccn={2002027950},
  series={Mathematical world},
  url={https://books.google.com.br/books?id=WEJtngEACAAJ},
  year={2002},
  publisher={American Mathematical Society}
}

@book{Grafarend,
  title={Map Projections: Cartographic Information Systems},
  author={Grafarend, E.W. and Krumm, F.W.},
  isbn={9783540367024},
  lccn={2006929531},
  url={https://books.google.com.br/books?id=Rg3Lc8omIXMC},
  year={2006},
  publisher={Springer Berlin Heidelberg},
  address = {Berlim, Alemanha}
}

@book{Lapaine,
author = {Lapaine, Miljenko and Usery, E.},
year = {2017},
title = {Choosing a Map Projection},
publisher = {Springer},
address = {Nova Iorque, Estados Unidos}
}

@article{Lunkes,
  title = {Alfabetização cartográfica: um desafio para o ensino de geografia},
  author = {José Roberto Machado and Fernanda Ferreira Passos Dias},
  journal = {Acta Geográfica},
  volume = 7,
  number = 14,
  year = {2013},
  publisher = {Universidade Federal de Roraima}, 
  address = {Roraima, Brasil}
}

@article{Ludwig,
  title = {Os conhecimentos cartográficos na prática docente: um estudo com professores de geografia},
  author = {Ludwig, A. B.; Nascimento, E.},
  year = {2016},
  journal = {Caminhos de geografia},
  volume = 17,
  number = 60,
  pages = {183-196},
  publisher = {Universidade Federal de Uberlândia},
  address = {Minhas Gerais, Brasil}
}

@book{menezes,
  title={Roteiro de cartografia},
  author={de Menezes, P.M.L. and do Couto Fernandes, M.},
  isbn={9788579752322},
  url={https://books.google.com.br/books?id=SNojDAAAQBAJ},
  year={2016},
  publisher={Oficina de Textos}
}

@article{Mulcahy,
author = {Mulcahy, Karen and Clarke, Keith},
year = {2001},
month = {07},
pages = {167-182},
title = {Symbolization of Map Projection Distortion: A Review},
volume = {28},
number = {3},
journal = {Cartography and Geographic Information Science - CARTOGR GEOGR INF SCI},
doi = {10.1559/152304001782153044}
}

@article{Nardi,
author = {Nardi ,R. and Carvalho, A.M.P.},
year = {2016},
month = {08},
pages = {132-144},
title = {Um estudo sobre a evolução das noções de estudantes sobre espaço, forma e força gravitacional do planeta Terra},
volume = {1},
number = {2},
journal = {Investigações em Ensino de Ciências}
}

@article{Nussbaum,
author = {Nussbaum, Joseph and Novak, Joseph D.},
title = {An assessment of children's concepts of the earth utilizing structured interviews},
journal = {Science Education},
volume = {60},
number = {4},
pages = {535-550},
doi = {10.1002/sce.3730600414},
url = {https://onlinelibrary.wiley.com/doi/abs/10.1002/sce.3730600414},
eprint = {https://onlinelibrary.wiley.com/doi/pdf/10.1002/sce.3730600414},
year = {1976}
}

@article{Nussbaum1,
author = {Nussbaum, J.; Novak, J.D.},
title = {La tierra como cuerpo cósmico.},
journal = {Ideas científicas en la infancia y la adolescencia},
publisher = {Editora Morata},
year = {1999},
}

@article{Olson,
author = {Olson, Judy},
year = {2006},
month = {01},
pages = {13–32},
title = {Map Projections and the Visual Detective: How to Tell if a Map Is Equal-Area, Conformal, or Neither},
volume = {105},
journal = {Journal of Geography},
doi = {10.1080/00221340608978655}
}

@article{Ponte,
author = {João Pedro da Ponte},
year = {2003},
month = {01},
volume = 2,
pages = {93-169},
journal = {Investigar em educação},
title = {Investigação sobre investigações matemáticas em Portugal}
}

@book{Ponte1,
author = {João Pedro da Ponte; Brocado, J.; Oliveira H.},
year = {2003},
title = {Investigações matemáticas na sala de aula},
publisher = {Autêntica Editora},
address = {Belo Horizonte, Minas Gerais},
}

@book{Snyder,
  title={An Album of Map Projections},
  author={Snyder, J.P. and Voxland, P.M. and Morrison, J.L. and Geological Survey (U.S.)},
  number={no. 1453},
  isbn={9780160033681},
  lccn={86600253},
  series={An Album of Map Projections},
  url={https://books.google.com.br/books?id=HwawnQEACAAJ},
  year={1989},
  publisher={U.S. Government Printing Office}
}

@techreport{Timbó,
author = {Timbó, M. A.},
title = {Elementos de Cartografia},
institution = {Universidade Federal de Minas Gerais},
address = {Belo Horizonte, Minas Gerais},
year = {2001},
}
