@mastersthesis{Luiz,
	author = {Luiz Ambrozi},
	title = {Jogos em uma sequência didática para o ensino de Análise Combinatória},
	year = {2017},
	school = {Universidade de Caxias do Sul - UCS},
	address = {Rio Grande do Sul, Brasil}
	}


@misc{BNCC,
	author = {Brasil},
	title = {Base Nacional Comum Curricular (BNCC)},
	year = {2018},
	publisher = {Ministério da Educação},
}

@article{Carmilotto,
	author = {João Batista Carmilotto},
	title = {Anagramas, Palíndromos e outras curiosidades.},
	journal = {Letras de Hoje},
	volume = {11},
	number = {4},
	year = {1976},
	publisher = {PUC-RS},
	address = {Rio Grande do Sul, Brasil},
	note = {Disponível em: \url{https://revistaseletronicas.pucrs.br/ojs/index.php/fale/article/view/19173/12202}. Acesso em 21/09/2020}
}

@conference{Ponte,
  author       = {Helena Cunha and Hélia Margarida Oliveira and João Pedro da Ponte}, 
  title        = {Investigações matemáticas na sala de aula},
  booktitle    = {Actas do ProfMat 95},
  year         = {1995},
  editor       = {A. Pinheiro and A. P. Canavarro},
  pages        = {161-167},
  address      = {Lisboa, Portugal},
  organization = {Associação de Professores de Matemática - APM},
}

@article{Elisete,
	author = {Elise {de Melo Borba} Ferreira},
	title = {Sistema Braille simbologia básica aplicada à Língua Portuguesa},
	journal = {Coleção Caminhos e Saberes},
	year = {2016},
	publisher = {Instituto Benjamin Constant - IBC},
	address = {Rio de Janeiro, Brasil},
	note = {Disponível em: \url{http://www.ibc.gov.br/images/conteudo/DPPE/Geral_departamento/2019/colecaoapostilas/Simbologia-Braille_2019_public.pdf}. Acesso em 19/09/2020}
}

@conference{Renan,
	author = {José Luiz Magalhães Freitas and Renan Gustavo Araújo Lima},
	title = {Um estudo inicial de estratégias e dificuldades apresentadas pelos alunos, diante de problemas de análise combinatória},
	booktitle={Anais do VIII Seminário Sul-Mato-Grossense de Pesquisa em Educação Matemática},
	year = {2014},
	volume = {8},
	address = {Mato Grosso do Sul, Brasil},
	organizantion = {Programa de Pós-Graduação em Educação Matemática - PPGEduMat da UFMS}
}

@incollection{Jean,
	author = {Jean Itard},
	title = {Biography},
	booktitle = {Dictionary of Scientific Biography},
	address = {Nova Iorque, Estados Unidos},
	year = {1970-1990},
	note = {Disponível em: \url{https://mathshistory.st-andrews.ac.uk/DSB/Kramp.pdf}. Acesso em 21/09/2020},
	publisher = {Charles Scribner's Sons}
}

@book{Lima2006,
  author    = {Elon Lages Lima and Paulo Cezar Pinto Carvalho and Eduardo Wagner and Augusto César Morgado}, 
  title     = {A Matemática do Ensino Médio},
  publisher = {Sociedade Brasileira de Matemática},
  year      = {2006},
  volume    = {2},
  series    = {Coleção do Professor de Matemática},
  address   = {Rio de Janeiro, Brasil},
  edition   = {6},
}

@conference{Magina,
	author = {Sandra Maria Pinto Magina and Francis Miller Barbosa Moreira},
	booktitle = {Actas del VII CIBEM},
	title = {A análise combinatória na formação de professores: um estudo diagnóstico},
	year = {2013},
	address = {Montevidéu, Uruguai},
	organization = {Federación Iberoamericana de Sociedades de Educación Matemática - FISEM}
}

@book{Plínio,
	author = {Margarida P. Melo and Idani T. C. Murari and José Plínio O. Santos},
	title = {Introdução à Análise Combinatória},
	publisher = {Ciência Moderna},
	year = {2007},
	edition = {4},
	address = {Rio de Janeiro, Brasil}
}

@book{Morgado,
	author = {Augusto César {de Oliveira} Morgado and João Bosco Pitombeira Carvalho and Paulo César Pinto Carvalho and Pedro Fernandez},
	title = {Análise Combinatória e Probabilidade},
	year = {1991},
	publisher = {Editora Própria},
	address = {Rio de Janeiro, Brasil},
	note = {Disponível em: \url{https://portaldaobmep.impa.br/uploads/msg/5fpwf84eez8c0.pdf}}
}

@phdthesis{Cristiane,
	author = {Cristiane Azevedo {dos Santos} Pessoa},
	title = {Quem dança com quem: o desenvolvimento do raciocínio combinatório do 2\super{o} ano do Ensino Fundamental ao 3\super{o} ano do Ensino Médio.},
	year = {2009},
	school = {Universidade Federal do Pernambuco (UFP)},
	address = {Pernambuco, Brasil}
}

@mastersthesis{Diogo,
	author = {Diogo Pinheiro Silva},
	title = {Aprendizagem de Análise Combinatória no Ensino Médio},
	year = {2017},
	school = {Universidade Federal de Alagoas (UFA)},
	address = {Alagoas, Brasil}
}

@mastersthesis{Souza,
	author = {Analucia Castro Pimenta {de} Souza},
	title = {Análise Combinatória apoiada na Metodologia de Ensino Aprendizagem - Avaliação de Matemática através da resolução de problemas},
	school = {Universidade Estadual Paulista "Júlio de Mesquita Filho" (UNESP)},
	year = {2008},
	address = {São Paulo, Brasil}
}