  @manual{BNCC2018,
	author = {Brasil},
	title = {Base Nacional Comum Curricular},
	year = {2018},
	organization = {Ministério da Educação},
	note = {Disponível em: \url{http://basenacionalcomum.mec.gov.br}},
	address = {Brasília, Brasil}
}

@article{disessa2018,
author = {Disessa, A. A.},
title = {A Computation Literacy and "The Big Picture"{} Concerning Computers in Mathematics Education},
journal = {Mathematical Thinking and Learning},
volume = {20},
number = {1},
year = {2018},
pages = {3-31},
publisher = {Taylor & Francis},
address = {Oxfordshire, Reino Unido}
}

@conference{esteves2019,
  author       = {Adson Esteves and Luiz Noschang and André Raabe and Aluizio Filho}, 
  title        = {Portugol Studio: Em direção a uma comunidade aberta para pesquisa sobre o aprendizado de programação},
  booktitle    = {Anais do XXVII Workshop sobre Educação em Computação},
  year         = 2019,
  address      = {Belém, Brasil},
  organization = {Sociedade Brasileira de Computação},
  pages = {513-522}
}

@conference{noschang2014,
  author       = {Luiz Noschang and Filipi Pelz and Elieser de Jesus and André Raabe}, 
  title        = {Portugol Studio: IDE para Iniciantes em Programação},
  booktitle    = {Anais do XXII Workshop sobre Educação em Computação},
  year         = 2014,
  pages        = {1-10},
  address      = {Braslília, Brasil},
  organization = {Sociedade Brasileira de Computação},
}

@book{raabe2020,
	author = {A. Raabe and A. F. Zorzo and P. Blikstein},
	title = {Computação na Educação Básica: Fundamentos e Experiências},
	address = {Porto Alegre, Brasil},
	publisher = {Penso Editora},
	year = {2020}
}

@article{shute2017,
	author = {Shute, V. J. and C. Sun and J. Asbell-Clarke},
	title = {Demystifying computational thinking},
	journal = {Educational Research Review},
	volume = {22},
	pages = {142-158},
	year = {2017},
	publisher = {European Association for Research on Learning and Instruction (EARLI)},
	address = {Leuven, Bélgica}
}

@article{li2020,
author = {Yeping Li and Alan H. Schoenfeld and Andrea A. diSessa and Arthur C. Graesser and Lisa C. Benson and Lyn D. English and Richard A. Duschl },
title = {Computational Thinking Is More about Thinking than Computing},
journal = {Journal for STEM Education Reserach},
pages = {1-18},
year = {2020},
publisher = {Springer},
address = {Nova Iorque, Estados Unidos}
}