 @book{aprea2016,
  year = {2016},
  publisher = {Springer},
  address = {Singapura},
  author = {Carmela Aprea and Eveline Wuttke and Klaus Breuer and Noi Keng Koh and Peter Davies and Bettina Greimel-Fuhrmann and Jane S. Lopus},
  title = {International Handbook of Financial Literacy}
}



@techreport{atkinson2012,
	author = {Adele Atkinson and Flore-Anne Messy},
	year = {2018},
	title = {Measuring Financial Literacy: Results of the OECD / International Network on Financial Education (INFE) Pilot Study},
	type = {Working Paper},
	series = {OECD Working Papers on Finance, Insurance and Private Pensions},
	institution = {OECD},
	number = {15},
	address = {Paris, France},
	publisher = {OECD Publishing}
}


@article{BARBOZA2015,
   title = {{Taxa de juros e mecanismos de transmissão da política monetária no Brasil}},
   journal = {{Revista de Economia Política}},
   author={Ricardo {de} Menezes Barboza},
   volume = {35},
   year = {2015},
   month = {03},
   pages = {133 - 155},
   publisher = {Centro de Economia Política},
   address = {São Paulo, Brasil}
   }

   @manual{GEF2015,
	author = {Brasil},
	title = {Programa Nacional de Educação Fiscal. Escola de Administração Fazendária – ESAF. Documento Base},
	year = {2015},
	organization = {Grupo Educação Fiscal – GEF, Ministério da Fazenda},
	address = {Brasília, Brasil},
	note = {Disponível em: \url{https://receita.fazenda.rs.gov.br/download/20170704155154diretrizes_nacionais_da_educacao_fiscal.pdf}}
}

   @manual{cidadaniafinanceira2018,
	author = {Brasil},
	title = {O Banco Central e a Educação Financeira},
	year = {2015},
	organization = {Banco Central do Brasil},
	journal = {Cidadania Financeira},
	address = {Brasília, Brasil}
}

@Book{bauman2008vida,
 author = {Bauman, Zygmunt},
 title = {Vida para consumo : a transformação das pessoas em mercadorias},
 publisher = {Zahar},
 year = {2008},
 address = {Rio de Janeiro, RJ},
 isbn = {978-8537800669}
 }

 @manual{BNCC2018,
	author = {Brasil},
	title = {Base Nacional Comum Curricular},
	year = {2018},
	organization = {Ministério da Educação},
	note = {Disponível em: \url{http://basenacionalcomum.mec.gov.br}},
	address = {Brasília, Brasil}
}

@manual{LDB,
	author = {Brasil},
	organization = {Ministério de Educação e Cultura},
	year = {1996},
	title = {LDB - Lei nº 9394/96, de 20 de dezembro de 1996. Estabelece as diretrizes e bases da Educação Nacional},
	address = {Brasília, Brasil}
}

@manual{SEF1998,
	author = {Brasil},
	editor={Secretaria de Educação Fundamental},
	title = {Parâmetros curriculares nacionais: Matemática},
	year = {1998},
	address = {Brasília, Brasil},
	note = {Disponível em \url{http://portal.mec.gov.br/seb/ arquivos/pdf/matematica.pdf}}
}

@mastersthesis{campos2013,
	author = {André Bernardo Campos},
	year = {2013},
	title = {Investigando como a Educação Financeira Crítica pode contribuir para tomada de decisões de consumo de jovens indivíduos-consumidores},
	school = {Universidade Federal de Juiz de Fora - UFJF},
	address = {Minas Gerais, Brasil}
}

@techreport{dias2018,
	author = {Dias, N.C},
	year = {2018},
	title = {Educação Financeira e Educação Fiscal: Uma proposta para a sala de aula da Educação Básica},
	type = {Produto Acadêmico Final (Especialização em Educação Matemática)},
	series = {Programa de Residência Docente},
	institution = {Colégio Pedro II, Pró-Reitoria de Pós-Graduação, Pesquisa, Extensão e Cultura},
	address = {Rio de Janeiro, Brasil}
}

@misc{aef2019,
	author = {AEF-Brasil},
	title = {Estratégia Nacional de Educação Financeira},
	year = {2010},
	note = {Disponível em: \url{http://www.vidaedinheiro.gov.br}},
	address = {São Paulo, Brasil}
}

@Book{ferreira2008,
 author = {Ferreira, Vera},
 title = {Psicologia econômica : estudo do comportamento econômico e da tomada de decisão},
 publisher = {Elsevier},
 year = {2008},
 address = {Rio de Janeiro, Brasil},
 isbn = {978-8535227703}
 }

 @Book{fonseca2005,
 author = {Giannetti, Eduardo},
 title = {O valor do amanhã: ensaio sobre a natureza dos juros},
 publisher = {Companhia das Letras},
 year = {2005},
 address = {São Paulo, Brasil},
 isbn = {9788535907353}
 }

 @book{kahneman2012,
  title={R{\'a}pido e devagar: Duas formas de pensar},
  author={Kahneman, D.},
  year={2012},
  publisher={Objetiva},
  address={Rio de Janeiro, Brasil}
}

@techreport{lusardi2008,
 title = "Financial Literacy: An Essential Tool for Informed Consumer Choice?",
 author = "Lusardi, Annamaria",
 institution = "National Bureau of Economic Research",
 type = "Working Paper",
 series = "Working Paper Series",
 year = "2008",
 month = "June",
 URL = "http://www.nber.org/papers/w14084",
 address = {Massachusetts, Estados Unidos}
 }

@techreport{matos2019,
	author = {Matos, L. P},
	year = {2019},
	title = {Uma análise sobre a tomada de decisão financeira em livros didáticos de Matemática do Ensino Médio na perspectiva dos Ambientes de Educação Financeira Escolar},
	type = {Trabalho de Conclusão de Curso},
	series = {Especialização em práticas de Educação Básica do Programa de Residência Docente},
	institution = {Colégio Pedro II},
	address = {Rio de Janeiro, Brasil}
}

@phdthesis{muniz2016a,
	author = {Muniz, Jr., Ivail},
	year = {2016},
	title = {Econs ou Humanos? Um estudo sobre a tomada de decisão em Ambientes de Educação Financeira Escolar},
	school = {Universidade Federal do Rio de Janeiro - UFRJ},
	address = {Rio de Janeiro, Brasil}
}

@article{muniz2016b,
	author = {Muniz, Jr., Ivail and Samuel Jurkiewicz},
	year = {2016},
	title = {Tomada de Decisões e Trocas Intertemporais: uma contribuição para a construção de ambientes de educação financeira escolar nas aulas de matemática},
	address = {Rio de Janeiro, Brasil},
	journal = {Revista de Educação, Ciências e Matemática},
	publisher = {Universidade Unigranrio},
}

@conference{muniz2016c,
	author = {Muniz, Jr., Ivail},
	title = {Educação Financeira e a sala de aula de Matemática: conexões entre a pesquisa acadêmica e a prática docente},
	year = {2016},
	organization = {Sociedade Brasileira de Educação Matemática - SBEM},
	booktitle = {Anais do XII Econtro Nacional de Educação Matemática},
	address = {São Paulo, Brasil}
}

@mastersthesis{saito2007,
	author = {André Taue Saito},
	title = {Uma contribuição ao desenvolvimento da educação em finanças pessoais no Brasil},
	school = {FEA/Universidade de São Paulo - USP},
	year = {2007},
	address = {São Paulo, Brasil}
}

@techreport{santana2019,
	author = {Michela Rodrigues {de} Souza Monteiro Santana},
	year = {2019},
	title = {Uma Planejamento Financeiro e Orçamento Doméstico em Ambientes de Educação Financeira Escolar: Uma experiência em design de tarefas para o Ensino Médio},
	type = {Produto Acadêmico Final (Especialização em Docência da Educação Básica na Disciplina Matemática)},
	series = {Programa de Residência Docente},
	institution = {Colégio Pedro II, Pró-Reitoria de Pós-Graduação, Pesquisa, Extensão e Cultura},
	address = {Rio de Janeiro, Brasil}
}

@conference{silva2013,
	author = {Amarildo Melchiades {da} Silva and Arthur Belford Powell},
	title = {Um Programa de Educação Financeira para a Matemática Escolar da Educação Básica},
	year = {2013},
	organization = {Sociedade Brasileira de Educação Matemática - SBEM},
	booktitle = {Anais do XI Econtro Nacional de Educação Matemática},
	address = {Paraná, Brasil}
}

@article{EMP15210,
	author = {Marcelo Motta and Regina Rolim},
	title = {O estado da arte das pesquisas em matemática financeira nos programas de mestrado e doutorado da área de ensino da Capes},
	journal = {Educação Matemática Pesquisa : Revista do Programa de Estudos Pós-Graduados em Educação Matemática},
	volume = {16},
	number = {2},
	year = {2014},
	address = {São Paulo, Brasil}
}

@article{richard1985,
author = {Thaler, Richard},
year = {1985},
month = {08},
pages = {199-214},
title = {Mental Accounting and Consumer Choice},
volume = {4},
journal = {Marketing Science},
publisher = {Institute for Operations Research and the Management Sciences},
address = {Estados Unidos}
}

@proceedings{margolinas2013,
  title        = {Task Design in Mathematics Education. Proceedings of ICMI Study 22},
  year         = {2013},
  editor       = {Claire Margolinas},
  address      = {Oxford, Reino Unido},
  organization = {International Comission on Mathematical Instruction},
}

@Book{xiao2016,
 author = {Xiao, Jing},
 title = {Handbook of consumer finance research},
 publisher = {Springer},
 year = {2016},
 address = {Nova Iorque, Estados Unidos},
 isbn = {978-3319288857}
 }

 @techreport{Xu2019,
	author = {Lisa Xu and Bilal Zia},
	year = {2012},
	title = {Financial Literacy around the World. An Overview of the Evidence with Practical Suggestions for the Way Forward},
	type = {Policy Research Working Paper},
	institution = {The World Bank, Development Research Group, Finance and Private Sector Development Team},
	address = {Rio de Janeiro, Brasil}
}

@book{raworth2019,
  title={Economia Donut: UMA ALTERNATIVA AO CRESCIMENTO A QUALQUER CUSTO},
  author={Raworth, K. and Schlesinger, G.},
  year={2019},
  publisher={Zahar},
  address = {Rio de Janeiro, Brasil}
}

@Book{leitao2011,
 author = {Leitão, Miriam},
 title = {Saga brasileira : a longa luta de um povo por sua moeda},
 publisher = {Editora Record},
 year = {2011},
 address = {Rio de Janeiro, Brasil},
 }

 @book{zentgraf2015,
  title={Preciso Me Planejar!},
  author={Zentgraf, R.},
  year={2015},
  publisher={SOU.L},
  address = {Rio de Janeiro, Brasil}
}


@article{bresser2002,
  title={Uma estrat{\'e}gia de desenvolvimento com estabilidade},
  author={Bresser-Pereira, Luiz Carlos and Nakano, Yoshiaki},
  year={2002},
  publisher={Escola de P{\'o}s-Gradua{\c{c}}{\~a}o em Economia da FGV},
  address = {Rio de Janeiro, Brasil},
  Journal = {Revista de Economia Política}
}

@article{arida2004,
  title={High interest rates in Brazil: conjectures on the jurisdictional uncertainty},
  author={Arida, Persio and Bacha, Edmar and Lara-Resende, Andr{\'e}},
  journal={Rio de Janeiro: Casa das Gar{\c{c}}as},
  year={2004},
  address={Rio de Janeiro, Brasil}
}

@article{gonccalves2007,
  title={Can jurisdictional uncertainty and capital controls explain the high level of real interest rates in Brazil? Evidence from panel data},
  author={Gon{\c{c}}alves, Fernando M and Holland, M{\'a}rcio and Spacov, Andrei D},
  journal={Revista Brasileira de Economia},
  volume={61},
  number={1},
  pages={49--75},
  year={2007},
  publisher={Funcação Getúlio Vargas},
  address={Rio de Janeiro, Brasil}
}

@article{favero2002,
author = {Favero, Carlo and Giavazzi, Francesco},
year = {2002},
month = {07},
pages = {},
title = {Why are Brazil's Interest Rates So High?},
journal = {SSRN Electronic Journal},
doi = {10.2139/ssrn.326781}
}

@article{erber2008,
  title={Development projects and growth under finance domination},
  author={Erber, Fabio Stefano},
  journal={Revue Tiers Monde},
  volume={3},
  number = {195},
  pages={597--629},
  year={2008},
  publisher={Publications de la Sorbonne},
  address = {Paris, França}
}

@techreport{muinhos2006,
 title = "Financial Literacy: An Essential Tool for Informed Consumer Choice?",
 author = "Marcelo Kfoury Muinhos and Márcio I. Nakane",
 institution = "Banco Central do Brasil",
 type = "Working Paper",
 series = "Working Paper Series",
 year = "2006",
 address = {Brasília, Brasil},
 number = {101}
 }

@proceedings{Barros2011,
  title        = {A Taxa de Impaciência do Brasileiro é mais Alta do que em Outros Países?},
  editor       = {Octavio {de} Barros},
  year = {2011},
  volume       = 34,
  address      = {São Paulo, Brasil},
  organization = {Bradesco Prime},
  publisher    = {Banco Bradesco},
}

@article{Schwartsman2011,
	title = {Sobre Jabutis e Jabuticabas},
	year = {2011},
	author = {Alexandre Schwartsman},
	journal = {Jornal Valor Econômico},
	publisher = {Grupo Globo},
	address = {Rio de Janeiro, Brasil}
}

@book{Baumol2012,
 author = {William J. Baumol and David de Ferranti and Monte Malach and Ariel Pablos-Méndez and Hilary Tabish and Lilian Gomory Wu},
 publisher = {Yale University Press},
 title = {The Cost Disease: Why Computers Get Cheaper and Health Care Doesn't},
 year = {2012},
 address = {Londres, Reino Unido}
}

@article{muniz2018,
	author = {Cristiane Azevedo {dos} Santos Pessoa and Muniz, Jr., Ivail and Kistemann, Jr., Marco Aurélio},
	title = {Cenários Sobre Educação Financeira Escolar: entrelaçamentos entre a pesquisa, o currículo e a sala de aula de Matemática},
	year = {2018},
	journal = {Revista de Educação Matemática e Tecnológica libroamericana},
	publisher = {Universidade Federal de Pernambuco},
	volume = {9},
	number={1},
	address = {Pernambuco, Brasil}
}

@article{BEATTY1998,
title = "Impulse buying: Modeling its precursors",
journal = "Journal of Retailing",
volume = "74",
number = "2",
pages = "169 - 191",
year = "1998",
address = "Nova Iorque, Estados Unidos",
author = "Sharon E. Beatty and M. Elisabeth Ferrell"
}


@Book{ecb2017,
 author = {{European Central Bank}},
 title = {Annual report 2017},
 publisher = {European Central Bank},
 year = {2018},
 address = {Frankfurt, Alemanha},
 }

@techreport{PNAD2010,
 title = "Pesquisa nacional por amostra de domicílios: PNAD 2010",
 author = "{IBGE}",
 institution = "Instituto Brasileiro de Geografia e Estatística",
 year = "2010",
 address = {Rio de Janeiro, Brasil},
 }

 @article{neri2010,
author = "Marcelo Cortes Neri",
year = "2010",
title = "A Nova Classe Média: O Lado Brilhante dos Pobres",
publisher = "Fundação Getúlio Vargas",
address = "Rio de Janeiro, Brasil",
journal = "FGV Social - Pesquisas"
 }

@mastersthesis{lima2019,
	author = {Lima, A. P. },
	year = {2009},
	title = {Avaliação da arrecadação dos principais impostos estaduais - ICMS e IPVA - em relação ao Produto Interno Bruto},
	school = {Fundação Escola de Comércio Álvares Penteado - FECAP},
	address = {São Paulo, Brasil}
}