@article{Dooren-et-al-2005,
author = {Dooren, Wim and Bock, Dirk and Hessels, An and Janssens, Dirk and Verschaffel, Lieven},
year = {2005},
month = {03},
pages = {57 –86},
title = {Not Everything Is Proportional: Effects of Age and Problem Type on Propensities for Overgeneralization},
volume = {23},
journal = {Cognition and Instruction},
publisher = {Informa},
address = {Londres, Reino Unido}
}

@book{Lima2006,
  author    = {Elon Lages Lima and Paulo Cezar Pinto Carvalho and Eduardo Wagner and Augusto César Morgado}, 
  title     = {A Matemática do Ensino Médio},
  publisher = {Sociedade Brasileira de Matemática},
  year      = {2006},
  volume    = {1},
  series    = {10},
  address   = {Rio de Janeiro, Brasil},
  edition   = {9},
  isbn      = {3257227892}
}

@article{Silva-et-al-2013,
author = {Angélica {da} Fontoura Garcia Silva and Ruy Cesar Pietropaolo and Tania Maria Mendonça Campos},
year = {2013},
pages = {31-44},
title = {Atual currículo de matemática do estado de São Paulo: Indicações para a introdução do ensino da ideia de irracionalidade},
volume = {62},
journal = {Boletim GEPEM},
address={Rio de Janeiro, Brasil}
}

@article{Stump-1999,
  title={Secondary mathematics teachers’ knowledge of slope},
  author={Sheryl Stump},
  journal={Mathematics Education Research Journal},
  volume={11},
  number={2},
  pages={124--144},
  year={1999},
  publisher={Springer},
  address={Nova Iorque, Estados Unidos}
}