@incollection{Eisenberg1992,
  author       = {Eisenberg, T.}, 
  title        = {On the development of a sense for functions},
  booktitle    = {The Concept of Function: Aspects of Epistemology and Pedagogy},
  publisher    = {Mathematical Association of America},
  year         = 1992,
  editor       = {Guershon Harel and Ed Dubinsky},
  pages        = {153–174},
  address      = {Washington, Estados Unidos},
}

@article{Jones2006,
  title={Demystifying functions: The historical and pedagogical difficulties of the concept of the function},
  author={Jones, Melanie},
  journal={Rose-Hulman Undergraduate Mathematics Journal},
  publisher={Rose-Hulman Institute of Technology},
  volume={7},
  number={2},
  pages={1-20},
  year={2006},
  address={Indiana, Estados Unidos}
}

@article{Ponte2008,
author = {João Pedro da Ponte and Ana Matos},
year = {2008},
month = {03},
pages = {195-323},
title = {O estudo de relações funcionais e o desenvolvimento do conceito de variável em alunos do 8.º ano},
volume = {11},
journal = {Revista latinoamericana de investigación en matemática educativa},
publisher = {Comité Latinoamericano de Matemática Educativa},
address = {Cidade do México, México}
}

@article{Ponte1992,
author = {Ponte, João},
year = {1992},
month = {01},
pages = {3-8},
title = {The history of the concept of function and some educational implications},
volume = {2},
number = {3},
journal = {The Mathmeatics Educator},
publisher = {University of Georgia},
address = {Georgia, Estados Unidos}
}

@incollection{Sierpinska1992,
  author       = {Sierpinska, A.}, 
  title        = {On understanding the notion of function},
  booktitle    = {The Concept of Function: Aspects of Epistemology and Pedagogy},
  publisher    = {Mathematical Association of America},
  year         = 1992,
  editor       = {Guershon Harel and Ed Dubinsky},
  pages        = {25-58},
  address      = {Washington, Estados Unidos},
}

@conference{Ursini2001,
  author       = {Ursini S. and Trigueros M.}, 
  title        = {A model for the uses of variable in elementary algebra},
  booktitle    = {Proceedings of the 25th Conference of the International Group for the Psychology of Mathematics Education},
  year         = 2001,
  editor       = {Marja {van} {den} Heuvel-Panhuizen},
  volume       = 4,
  pages        = {327-334},
  address      = {Utretch, Holanda},
  month        = 7,
  organization = {International Group for the Psychology of Mathematics Education},
  publisher    = {Utrecht University},
}

  @manual{BNCC2016,
	author = {Brasil},
	title = {Base Nacional Comum Curricular},
	year = {2016},
	organization = {Ministério da Educação},
	note = {Disponível em: \url{http://basenacionalcomum.mec.gov.br}},
	address = {Brasília, Brasil}
}