@techreport{bassanezi1999,
  title={Modelagem Matematica: Uma disciplina emergente nos programas de forma{\c{c}} ao de professores},
  author={Bassanezi, Rodney C},
  year={1999},
  institution={UNICAMP - IMECC, Deparamento de Matemática},
  address={São Paulo, Brasil},
  note={Disponível em \url{http://www.ime.unicamp.br/~biomat/bio9art_1.pdf}}
}


@manual{PCNEM2000,
author = {Brasil},
title = {Parâmetros Curriculares Nacionais do Ensino Médio},
year = {2000},
organization = {Ministério da Educação},
address = {Brasília, Brasil},
}

@mastersthesis{costa2017,
  author       = {Costa, Felipe de Almeida}, 
  title        = {O ensino de funções trigonométricas com o uso da modelagem matemática sob a perspectiva da teoria da aprendizagem significativa},
  school       = {PUC-SP},
  year         = {2017},
  address      = {São Paulo, Brasil},
   
}

@mastersthesis{ignacio2002,
  author       = {Rogério da Silva Ignácio}, 
  title        = {Concepções sobre periodicidade em atividades de modelagem},
  school       = {Universidade Federal de Pernambuco},
  year         = {2002},
  address      = {Pernambuco, Brasil},
   
}


@phdthesis{ekici2010,
  author       = {Celil Ekici}, 
  title        = {Treatments of Trigonometric Functions During Reforms in the United States.},
  school       = {The school of the thesis},
  year         = {2010},
  address      = {Georgia, Estados Unidos},
}

@mastersthesis{feijo2017,
  author       = {Rachel Saffir Araújo Alves Feijó}, 
  title        = {Dificuldades e obstáculos no aprendizado de trigonometria: Um estudo com alunos do ensino m´edio do Distrito Federal},
  school       = {Universdiade de Brasília},
  year         = {2017},
  address      = {Brasília, Brasil},
   
}

@article{ferreira2013,
  title={Recursos tecnol{\'o}gicos e modelagem matem{\'a}tica: tr{\^e}s experi{\^e}ncias na sala de aula},
  author={Denise Helena Lombardo Ferreira and Otávio Roberto Jacobini and Celso Ribeiro Campos and Maria Lúcia Lorenzetti Wodewotzki},
  journal={REMATEC -- Revista de Matem{\'a}tica, Ensino e Cultura},
  publisher={Grupo de Pesquisa sobre Práticas Socioculturais e Educação Matemática (GPSEM)},
  volume={8},
  number={14},
  pages={160--184},
  year={2013},
  address={Rio Grande do Norte, Brasil}
}

@mastersthesis{marvila2017,
  author       = {Mayck Gomes Marvila}, 
  title        = {Música e Funções Trigonométricas: uma abordagem interdisciplinar.},
  school       = {Universidade Estadual do Norte Fluminense},
  year         = {2017},
  address      = {Rio de Janeiro, Brasil},
}

@article{orhun2010,
  title={The gap between real numbers and trigonometric relations},
  author={Orhun, Nevin},
  journal={Quaderni di Ricerca in Didattica},
  publisher={Università degli Studi di Palermo},
  volume={20},
  pages={175--184},
  year={2010},
  address={Palermo, Itália}
}


@article{siyepu2015,
  year = {2015},
  publisher = {Springer Science and Business Media {LLC}},
  volume = {2},
  number = {1},
  author = {Sibawu Witness Siyepu},
  title = {Analysis of errors in derivatives of trigonometric functions},
  journal = {International Journal of {STEM} Education},
  address = {Alemanha}
}


@proceedings{soares2010,
  title        = {A Roda Gigante},
  year         = {2010},
  editor       = {Maria Zoraide M. C. Soares},
  address      = {São Paulo, Brasil},
  organization = {Projeto Matemática Multimídia},
  publisher    = {Universidade de Campinas},
  }

  @article{weber2005,
author = {Weber, Keith},
year = {2005},
month = {10},
pages = {91-112},
title = {Students’ understanding of trigonometric functions},
volume = {17},
journal = {Mathematics Education Research Journal},
publisher={National Council of Teachers of Mathematics},
address={Virgínia, Estados Unidos}
}

@book{Lima2006,
  author    = {Elon Lages Lima and Paulo Cezar Pinto Carvalho and Eduardo Wagner and Augusto César Morgado}, 
  title     = {A Matemática do Ensino Médio},
  publisher = {Sociedade Brasileira de Matemática},
  year      = {2006},
  volume    = {1},
  series    = {Coleção do Professor de Matemática},
  address   = {Rio de Janeiro, Brasil},
  edition   = {9},
  isbn      = {3257227892}
}