@article{alexandre2009,
  title={Principais dificuldades de alunos do 2{\textordmasculine} ano do ensino médio quanto à interpretação gráfica da funçãoo quadrática},
  author={Alexandre, Patricia Pinto and Santos, Márcia Hellen Soutello Mendes},
  journal={I Simpósio Nacional de Ensino de Ciência e Tecnologia},
  year={2009},
  pages={1121-1137},
  publisher={Universidade Tecnológica Federal do Paraná - UTFPR},
  address = {Paraná, Brasil}
}

@mastersthesis{assis2015,
  author       = {Victor Hugo Duarte de Assis}, 
  title        = {Características da Função Quadrática e a Metodologia de Resolução de Problemas},
  school       = {Universidade Estadual Paulista Júlio de Mesquita Filho},
  year         = 2015,
  address      = {São Paulo, Brasil},
 }

 @article{avila1988,
 author = {Geraldo Ávlia},
 title = {Funções e gráficos num problema de frenagem},
 journal = {Revista do professor de matemática},
 volume={12}, year = 1988,
 address={Rio de Janeiro, Brasil},
 publisher={Sociedade Brasileira de Matemática},
 note = {Disponível em \href{https://rpm.org.br/cdrpm/12/5.htm}{RPM12}}
 }

 @Book{batschelet1998,
 author = {Batschelet, Edward},
 title = {Introdução à matemática para biocientistas},
 publisher = {Interciência},
 year = {1998},
 address = {São Paulo, Brasil},
 isbn = {978-8571930292},
 }

 @mastersthesis{cance2015,
  author       = {Cesar Augusto Cance}, 
  title        = {Projeto canhão: o ensino de funções quadráticas com o auxílio do software Geogebra},
  school       = {Universidade Federal de São Carlos - UFSCar},
  year         = 2015,
  address      = {São Paulo, Brasil},
 }

  @mastersthesis{cerqueira2015,
  author       = {Cesar Augusto Cance}, 
  title        = {Parábola e suas Aplicações},
  school       = {Universidade Federal da Bahia - UFBA},
  year         = 2015,
  address      = {Bahia, Brasil}
}

  @mastersthesis{chung2013,
  author       = {Kenji Chung}, 
  title        = {A Parábola, sua propriedade Refletora e aplicações},
  school       = {Universidade Federal Rural de Pernambuco - UFRPE},
  year         = 2013,
  address      = {Pernambuco, Brasil}
}

@Book{connally2015,
 author = {Connally, Eric and  Deborah Hughes-Hallett and Andrew M. Gleason},
 title = {Functions Modeling Change: A Preparation for Calculus},
 publisher = {John Wiley \& Sons},
 year = {2015},
 address = {New Jersey, Estados Unidos},
}

@Book{cooney2010,
 author = {Cooney, Thomas},
 title = {Developing Essential Understanding of Functions for Teaching Mathematics in Grades 9-12},
 publisher = {National Council of Teachers of Mathematics},
 year = {2010},
 address = {Virgínia, Estados Unidos},
}

@manual{DETRANPR,
  title        = {Comportamentos seguros no trânsito},
  author       = {{DETRAN-PR}}, 
  organization = {Governo do Estado do Paraná},
  address      = {Paraná, Brasil},
  year         = 2002,
  note         = {Disponível em \url{http://www.educacaotransito.pr.gov.br/pagina-122.html}}
}

  @mastersthesis{duarte2014,
  author       = {José Luís Duarte}, 
  title        = {Problemas de Máximos e Mínimos no Ensino Médio },
  school       = {Universidade Estadual Paulista Júlio de Mesquita Filho},
  year         = 2013,
  address      = {São Paulo, Brasil}
}

@Book{eves2004,
 author = {Eves, Howard},
 title = {Introdução a historia da matematica},
 publisher = {Universidade de Campinas - UNICAMP},
 year = {2004},
 address = {São Paulo, Brasil},
 }

   @mastersthesis{fiqueredo2017,
  author       = {Figueredo, Eudes J.G. de}, 
  title        = {Uma análise sobre a valorização do conceito de máximo e mínimo por estudantes do ensino médio},
  school       = {Universidade Federal Rural de Pernambuco - UFRP},
  year         = 2017,
  address      = {Pernambuco, Brasil}
}

@Book{hellmeister2013,
 author = {Eves, Howard},
 title = {Geometria em Sala de Aula},
 publisher = {Sociedade Brasileira de Matemática},
 year = {2013},
 address = {Rio de Janeiro, Brasil},
 series={Coleção do Professor de Matemática},
 volume={32}
 }

 @misc{JCNET20013,
 	title = {Direção defensiva: saiba como a velocidade influi na frenagem do veículo},
 	author = {{Jornal da Cidade}},
 	howpublished = {Matéria online},
 	month={2},
 	year = {2013},
 	note = {Disponível em: \url{https://www.jcnet.com.br/noticias/geral/2013/02/367699-direcao-defensiva--saiba-como-a-velocidade-influi-na-frenagem-do-veiculo.html#prettyPhoto}}
 }

@mastersthesis{junior2017,
  author       = {Gilberto Caetano da Silva Junior}, 
  title        = {Método dos mínimos quadrados aplicado ao lançamento de foguetes propulsionados a ar comprimido},
  school       = {Universidade Estadual Paulista Júlio de Mesquita Filho},
  year         = 2017,
  address      = {São Paulo, Brasil}
}

@article{kotsopoulos2007,
  title={Unravelling Student Challenges with Quadratics: A Cognitive Approach.},
  author={Kotsopoulos, Donna},
  journal={Australian Mathematics Teacher},
  volume={63},
  number={2},
  pages={19--24},
  year={2007},
  publisher={ERIC}
}

@book{lima2006,
  author    = {Elon Lages Lima and Paulo Cezar Pinto Carvalho and Eduardo Wagner and Augusto César Morgado}, 
  title     = {A Matemática do Ensino Médio},
  publisher = {Sociedade Brasileira de Matemática},
  year      = {2006},
  volume    = {1},
  series    = {Coleção do Professor de Matemática},
  address   = {Rio de Janeiro, Brasil},
  edition   = {9},
  isbn      = {3257227892}
}

@mastersthesis{louzada2013,
  author       = {Louzada, Sílvia}, 
  title        = {Relações entre Cônicas e Funções no Ensino Médio},
  school       = {Universidade Federal do Espírito Santo - UFES},
  year         = 2013,
  address      = {Espírito Santo, Brasil}
}

@mastersthesis{maia2007,
  author       = {Diana Maia}, 
  title        = {Principais dificuldades de alunos do 2\super{o} ano do ensino médio quanto a interpretação gráfica da função quadrática},
  school       = {PUC-SP},
  year         = 2007,
  address      = {São Paulo, Brasil}
}

@mastersthesis{monteiro2014,
  author       = {Rubens Marinho Monetiro}, 
  title        = {Resgate do teorema de Dandelin no estudo de cônicas com o geogebra},
  school       = {Universidade Federal do Espírito Santo - UFES},
  year         = 2014,
  address      = {Espírito Santo, Brasil}
}

@phdthesis{parent2015,
	title = {Students’ Understanding Of Quadratic Functions: Learning From Students’ Voices},
	author = {Jennifer Suzanne Stokes Parent},
	school = {University of Vermont},
	year = {2015},
	address = {Vermont, Canada}
}

@book{pietrocola2016,
	title = {Física em Contextos 1 - Ensino Médio},
	author = {Maurício Pietrocola and Alexander Pogibin and Renada de Andrade and Talita Raquel},
	publisher = {Editora do Brasil},
	year = {2011},
	edition = {1},
	address = {São Paulo, Brasil}
}

@mastersthesis{rocha2013,
  author       = {Rocha, Alan M.}, 
  title        = {Problemas de Otimização Envolvendo a Matemática do Ensino Médio},
  school       = {Universidade Federal de Goiás - UFG},
  year         = 2014,
  address      = {Espírito Santo, Brasil}
}

@inproceedings{torres2004,
  title        = {El vientre de un arquitecto},
  year         = 2004,
  booktitle = {Un paseo por la Geometría},
  author = {Raúl Ibáñez Torres},
  editor       = {Raúl Ibáñez Torres and Marta Macho Stadler},
  address      = {Madrid, Espa},
  organization = {Universidad del País Vasco},
  publisher    = {Real Sociedad Matemática Española},
}

@inproceedings{santos2009,
  title        = {Construções Concretas e Geometria Dinâmica: Abordagens Interligadas para o estudo de Cônicas},
  year         = 2009,
  booktitle = {Anais do VIII Econtro Nacional de Educação Matemática},
  author = {Angela Rocha dos Santos},
  address      = {Brasília, Brasil},
  organization = {Universidade Federal do Rio de Janeiro - UFRJ},
  publisher    = {Sociedade Brasileira de Educação Matemática},
}

@mastersthesis{silva2013,
  author       = {Silva, Ramon de Abreu}, 
  title        = {Funções Quadráticas e suas Aplicações no Ensino Médio},
  school       = {Instituto de Matemática Pura e Aplicada},
  year         = 2013,
  address      = {Rio de Janeiro, Brasil}
}

@mastersthesis{silva2015,
  author       = {Tiago Leão Silva}, 
  title        = {O ensino de funções polinomiais do 2º grau: Uma aplicação com o software GeoGebra},
  school       = {Universidade Federal Rural do Semi-árido - UFERSA},
  year         = 2015,
  address      = {Rio Grande do Norte, Brasil}
}

@misc{BNCC2018,
  author = {Brasil},
  title = {Base Nacional Comum Curricular (BNCC)},
  year = {2018},
  publisher = {Ministério da Educação},
}

@article{stump1999,
  title={Secondary mathematics teachers’ knowledge of slope},
  author={Stump, Sheryl},
  journal={Mathematics Education Research Journal},
  volume={11},
  number={2},
  pages={124--144},
  year={1999},
  publisher={Springer},
  address = {New York, Estados Unidos},
}

@mastersthesis{talavera2008,
  author       = {Talavera, Leda Maria Bastoni}, 
  title        = {Parábola e catenária: história e aplicações},
  school       = {Universidade de São Paulo - USP},
  year         = 2008,
  address      = {São Paulo, Brasil},
  note = {Disponível em \href{https://teses.usp.br/teses/disponiveis/48/48134/tde-17062008-135338/en.php}{Teses USP}}
}

@mastersthesis{tassone2015,
  author       = {Tassone, Márcia Z. T}, 
  title        = {Construção da Parábola através de modelos lúdicos e computacionais},
  school       = {Universidade Federal de São Carlos - UFSCar},
  year         = 2015,
  address      = {São Paulo, Brasil},
}

@article{wang2006,
  author = {Wang, Wanderley S.},
  title = {O aprendizado através de jogos para computador: por uma escola mais divertida e mais eficiente},
  year = {2006},
  journal = {Portal da Família},
  address = {São Paulo, Brasil}
}