@manual{andrade2014,
	title = {Olhar a prática: um exercício de reflexão},
	author = {Leila Andrade and Marilse Araújo},
	organization = {Ação Educativa},
	year = {2014},
	address = {São Paulo, Brasil},
	note = {Disponível em \url{http://www.nepso.net/download/6349}. Acesso em 05 de fevereiro 2021}
}

@book{boaler2018,
	author = {Jo Boaler and Carol Dweck},
	title = {Mentalidades Matemáticas},
	year = {2018},
	edition = {1},
	publisher = {Instituto Sidarta},
	address = {São Paulo, Brasil}	
}

@article{dambrosio1993,
	author = {Beatriz Silva {D'Ambrósio}},
	title = {A Formação de Professores de Matemática para o Século XXI: o Grande Desafio.},
	journal = {Pro-Posições},
	volume = {4},
	number = {1},
	year  = {1993},
	publisher = {UNICAMP},
	address = {São Paulo, Brasil}
}

@article{frankenstein2014,
	author = {Marilyn Frankenstein},
	title = {A Different Third R: Radical Math},
	journal = {Radical Teacher},
	volume = {100},
	pages = {77-82},
	year = {2014},
	publisher = {University Library System, University of Pittsburgh},
	address = {Pensivâlnea}
}

@book{gutstein2013,
author = {Eric Gutstein and Bob Pearson},
title = {Rethinking Mathematics: Teaching Social Justice by the Numbers},
edition = {2},
year = {2013},
publisher = {Rethinking Schools},
address = {Washington, Estados Unidos}
}

@misc{meyer2011,
	title = {The Three Acts of a Mathematica Story},
	author = {Dan Meyer},
	year = {2011},
	howpublished = {dy/dan},
	note = {Disponível em https://blog.mrmeyer.com/2011/the-three-acts-of-a-mathematical-story/. Acesso em 06 de fevereiro de 2021}
}

@book{ponte2019,
author = {João Pedro da Ponte and Joana Brocardo and Hélia Oliveira},
title = {Investigação Matemática em Sala de aula},
publisher = {Autêntica Editora},
year = {2019},
edition = {4},
address = {Minas Gerais, Brasil}
}
	
@book{sanmarti2009,
	author = {Neus Sanmartí},
	title = {Avaliar par aprender},
	publisher = {Penso},
	year = {2009},
	edition = {1},
	address = {Minas Gerais, Brasil}
}

@book{skovsmose2014,
	author = {Olé Skovsmose},
	title = {Um convite à educação matemática crítica},
	publisher = {Papirus Editora},
	edition = {1},
	year = {2014},
	address = {São Paulo, Brasil}
}

@book{castells1999,
	author = {Manuel Castells},
	title = {A sociedade em rede},
	edition = 6,
	year = {1999},
	publisher = {Paz e Terra},
	volume = 1,
	address = {São Paulo, Brasil}
}

@book{souza2012,
	author = {Hebert José de Souza},
	title = {Como se faz análise de conjuntura}	,
	year = {2012},
	edition = {32},
	publisher = {Vozes},
	address = {Rio de Janeiro, Brasil}
}

@book{braudel1978,
author = {Fernand Braudel},
title = {Escritos sobre história},
publisher = {Perspectiva},
year = {1978},
address = {São Paulo, Brasil}
}
	
@article{mello2017,
	title = {As três durações de Fernand Braudel no Ensino de História: proposta de atividade},
	author = {Ricardo Marques de Mello},
	journal = {Revista História Hoje},
	volume = {6},
	number = 11,
	pages = {237-254},
	year = {2017},
	publisher = {Associação Nacional de História},
	address = {São Paulo, Brasil}
}

@misc{who2020,
	author = {{World Health Organization}},
	title = {Coronavirus disease (COVID-19) Weekly Epidemiological Update and Weekly Operational Update},
	howpublished = {website da WHO},
	year = {2020},
	note = {Disponível em: \url{https://www.who.int/emergencies/diseases/novel-coronavirus-2019/situation-reports/}. Acesso em 05 de fevereiro de 2021}
}

@misc{covid-gov,
author = {{Ministério da Saúde}},
title = {Painel Coronavírus},
howpublished = {Coronavírus Brasil},
year = {2020},
address = {Brasília, Brasil},
note = {Disponível em: \url{https://covid.saude.gov.br/}}
}

@misc{fato2020,
author = {Du Xiaojun and Vijay Prashad and Weiyan Zhu},
title = {Como a China quebrou a corrente de transmissão do coronavírus
},
year = {2020},
howpublished = {Brasil de Fato},
note = {Tradução de Ítalo Piva. Disponível em: \url{https://www.brasildefato.com.br/2020/04/16/como-a-china-quebrou-a-corrente-de-transmissao}. Acesso em 05 de fevereiro de 2021}
}

@misc{BBC2020a,
	title = {Coronavírus: o que está por trás do sucesso da Coreia do Sul para salvar vidas em meio à pandemia},
	author = {{BBC}},
	year = {2020},
	howpublished = {BBC News Brasil},
	note = {Disponível em \url{https://www.bbc.com/portuguese/internacional-51877262}. Acesso em 05 de fevereiro de 2021}
}

@misc{marcelino2020,
title = {Por que o Vietnã está vencendo o coronavírus},
author = {Fernando Marcelino},
year = {2020},
howpublished = {Outras Palavras},
note = {Disponível em \url{https://outraspalavras.net/estadoemdisputa/por-que-o-vietna-esta-vencendo-o-coronavirus/}}
}

@misc{BBC2020b,
	title = {Coronavírus: a Suécia acertou ao não adotar uma quarentena?},
	author = {{BBC}},
	year = {2020},
	howpublished = {BBC News Brasil},
	note = {Disponível em \url{https://www.bbc.com/portuguese/internacional-52428807}. Acesso em 05 de fevereiro de 2021}
}

@book{appleton2017,
	author = {Matthey Appleton},
	title = {Summerhill: Uma infância com liberdade},
	year = {2017},
	publisher = {Summus Editorial},
	address = {São Paulo, Brasil}
}

@book{hecht2016,
	author = {Yaacov Hecht},
	title = {Educação democrática: o começo de uma história},
	year = {2017},
	publisher = {Autêntica Editora},
	address = {São Paulo, Brasil}
}

@book{singer2010,
	author = {Helena Singer},
	title = {República de crianças: sobre experiências escolares de resistência},
	year = {2010},
	publisher = {Mercado de Letras},
	address = {Minas Gerais, Brasil}
}

@misc{camargo2020,
	author = {Gilson Camargo},
	title = {Dieese projeta crise sem precedentes},
	year = {2020},
	howpublished = {Jornal Extra Classe},
	note = {Disponível em \url{https://www.extraclasse.org.br/economia/2020/08/dieese-crise-conjuntura/}. Acesso em 06 fevereiro de 2021}
}

@manual{brasil2020,
author = {Brasil},
title = {Medidas de Subutilização da Força de Trabalho no Brasil. 2º Trimestre de 2020},
organization = {IBGE},
year = {2020},
note = {Disponível em \url{https://www.ibge.gov.br/estatisticas/multidominio/condicoes-de-vida-desigualdade-e-pobreza/9173-pesquisa-nacional-por-amostra-de-domicilios-continua-trimestral.html?=&t=resultados}. Acesso em 11 de setembro de 2020}
}

@book{eco2008,
author = {Umberto Eco},
title = {Como se faz uma tese},
edition = {21},
publisher = {Editora Perspectiva},
year = {2008},
address = {São Paulo, Brasil}
}

@book{gil2002,
author = {Antonio Gil},
title = {Como elaborar projetos de pesquisa},
edition = {4},
address = {São Paulo, Brasil},
publisher = {Atlas},
year = {2002}	
}

@book{kakutani2018,
title = {A morte da verdade},
author = {Michiko Kakutani},
year = {2018},
address = {Rio de Janeiro, Brasil},
publisher = {Intrínseca}
}

@book{bernal1975,
title = {Ciência na história},
author = {Desmond John Bernal},
year = {1975-1978},
address = {Lisboa, Portugal},
publisher = {Livros Horizonte}
}

@misc{bunge2016,
title = {Objetividade nos estudos sociais},
author = {Mario Bunge},
year = {2016},
howpublished = {Universo Racionalista},
note = {Disponível em https://universoracionalista.org/objetividade-nos-estudos-sociais/. Acesso em 06 fevereiro de 2021}
}

@book{comte1996,
author = {Auguste Comte},
title = {Os Pensadores},
publisher = {Nova Cultural},
year = {1996},
address = {São Paulo, Brasil}	
}

