@article{albert2003,
	author = {James H. Albert},
	title = {College Students' Conceptions of Probability},
	journal = {The American Statistician},
	year = {2003},
	publisher = {American Statistical Association},
	address = {Massachusetts},
	volume = {57},
	number = {1},
	pages = {37-45}
}

@book{batanero2016,
	author = {Batanero, Carmen and Borovcnik, Manfred},
	title = {Statistics and Probability in High School},
	publisher = {Springer},
	year = {2016},
	address = {Nova Iorque, Estados Unidos}
}

@book{howie2002,
	author = {David Howie},
	title = {Interpreting Probability: Controversies and Developments in the Early Twentieth Century},
	series = {Cambridge Studies in Probability, Induction and Decision Theory},
	year = {2002},
	publisher = {Cambridge University Press},
	address = {Cambridge, Reino Unido},
	edition = {1}
}

@book{khrennikov2009,
	author = {Andrei Khrennikov},
	title = {Interpretations of Probability},
	year = {2009},
	publisher = {De Gruyter},
	address = {Berlin, Alemanha}
}

@article{morgan1991,
	author = {J. P. Morgan and N. R. Chaganty and R. C. Dahiya and M. J. Doviak},
	title = {Let's Make a Deal: The Player's Dilemma},
	journal = {The American Statistician},
	year = {1991},
	publisher = {American Statistical Association},
	address = {Massachusetts},
	volume = {45},
	number = {4},
	pages = {284-187}
}

@article{budgett2016,
	author = {Maxine Pfannkuch and Stephanie Budgett and Rachel Fewster and Marie Fitch and Simeon Pattenwise and Chris Wild and Ilze Ziedins},
	title = {Probability and Thinking: what can we learn from practice?},
	journal = {Statistics Education Research Journal},
	year = {2016},
	volume = {15},
	number = {2},
	pages = {11-37},
	publisher = {International Association for Statistical Education},
	address = {Auckland, Nova Zelândia}
}

@article{rodrighes1984,
	author = {Rodrigues, F. W.},
	title = {Eventos independentes},
	journal = {Revista do Professor de Matemática},
	volume = {4},
	pages = {21-24},
	publisher = {Sociedade Brasileira de Matemática},
	address = {Rio de Janeiro, Brasil},
	year = {1984}
}