 @manual{BNCC2018,
	author = {Brasil},
	title = {Base Nacional Comum Curricular},
	year = {2018},
	organization = {Ministério da Educação},
	note = {Disponível em: \url{http://basenacionalcomum.mec.gov.br}},
	address = {Brasília, Brasil}
}

@inproceedings{Boero2004,
  title={Inequalities in Mathematics Education: the need for complementary perspectives},
  author={Bazzini, Luciana and Boero, P.},
  booktitle={Proceedings of the 28th Conference of the International Group for the Psychology of Mathematics Education - Issues for},
  volume={1},
  pages={139-142},
  year={2004},
  organization={International Group of Psychology of Mathematics Education},
  address={Bergen, Noruega}
}

@inproceedings{Dreyfus2004,
  title={Equations - A structural approach},
  author={Tommy Dreyfus and Maureen Hoch},
  booktitle={Proceedings of the 28th Conference of the International Group for the Psychology of Mathematics Education - Research Forum on Algebraic equations and inequalities: issues for research and teaching },
  pages={152-155},
  volume={1},
  year={2004},
  organization={International Group of Psychology of Mathematics Education},
  address={Bergen, Noruega}
}

@inproceedings{Kieran2004,
  title={Equation/Inequality conection in constructing meaning for inequality situation},
  author={Carolyn Kieran},
  booktitle={Proceedings of the 28th Conference of the International Group for the Psychology of Mathematics Education - Research Forum on Algebraic equations and inequalities: issues for research and teaching },
  pages={143-147},
  volume={1},
  year={2004},
  organization={International Group of Psychology of Mathematics Education},
  address={Bergen, Noruega}
}

@mastersthesis{Lourenco2018,
  author       = {Nelson Garcez Lourenço}, 
  title        = {Inequações: uma abordagem funcional gráfica para o Ensino Fundamental II.},
  school       = {Universidade do Estado do Rio de Janeiro},
  year         = 2018,
  address      = {Rio de Janeiro, Brasil},
 }

 @article{Tsamir2001,
author = {Tsamir, Pessia and Almog, Nava},
year = {2001},
pages = {513-524},
title = {Students' strategies and difficulties: The case of algebraic inequalities},
volume = {32},
number = {4},
journal = {International Journal of Mathematical Education in Science and Technology},
publisher = {Taylor & Francis},
address = {Oxfordshire, Reino Unido}
}

@article{conceicao2011,
author = {Fernando {da} Silva {Conceição Junior}},
title = {Uma abordagem funcional para o ensino de inequações no Ensino Médio.},
journal = {Educação Matemática Pesquisa : Revista do Programa de Estudos Pós-Graduados em Educação Matemática},
volume = {13},
number = {2},
year = {2011},
publisher = {PUC-SP},
address = {São Paulo, Brasil}
}

@Book{Durval1995,
 author = {Duval, Raymond},
 title = {Sémiosis et pensée humaine : registres sémiotiques et apprentissages intellectuels},
 publisher = {Peter Lang},
 year = {1995},
 address = {Berne, Suíça},
}

@article{Henriques2016,
   title = {Teoria dos registros de representação semiótica em pesquisas na Educação Matemática no Ensino Superior: uma análise de superfícies e funções de duas variáveis com intervenção do software Maple},
   journal = {{Ciência \& Educação (Bauru)}},
   author={Henriques, Afonso and Almouloud, Saddo Ag},
   volume = {22},
   year = {2016},
   pages = {465 - 487},
   publisher = {Scielo},
}

@mastersthesis{Delgado2010,
	title = {O ensino da função afim a partir dos registros de representação semiótica},
	author = {Carlos José Borges Delgado},
	school = {Universidade do Grande Rio},
	address = {Rio de Janeiro, Brasil},
	year = {2010},
}