@book{ausubel2003,
	author = {David P. Ausubel},
	title = {Aquisição e Retenção de Conhecimentos: Uma Perspectiva Cognitiva},
	publisher = {Paralelo Editora},
	year = {2003},
	address = {Lisboa, Portugal}
}

@conference{barbosa2001,
	author = {Barbosa, J. C.},
	title = {Modelagem na Educação Matemática: contribuições para o debate teórico},
	booktitle = {Anais da XXIV Reunião Anual da ANPEd},
	year = {2001},
	organization = {Associação Nacional de Pós-Graduação e Pesquisa em Educação},
	address = {Rio de Janeiro, Brasil}
}

@book{boaler2017,
	author = {Boaler, J.},
	title = {Mentalidades Matemáticas: Estimulando o Potencial dos Estudantes por Meio da Matemática Criativa, das Mensagens Inspiradoras e do Ensino Inovador},
	series = {Desafios da Educação},
	edition = {1},
	publisher = {Penso Editora},
	year = {2017},
	address = {Rio Grande do Sul, Brasil},

}

  @manual{BNCC2019,
	author = {Brasil},
	title = {Base Nacional Comum Curricular},
	year = {2019},
	organization = {Ministério da Educação},
	note = {Disponível em: \url{http://basenacionalcomum.mec.gov.br}},
	address = {Brasília, Brasil}
}

@unpublished{dambrosio1989,
author = {{D' Ambrósio}, B.},
title = {Como ensinar matemática hoje?},
year = {1989},
note = {Disponível em \url{https://bit.ly/2MuprMF}. Acesso em 05 de fevereiro de 2021}
}

@mastersthesis{facco2003,
	author = {Facco, S. R.},
	title = {Conceito de área – uma proposta de ensino-aprendizagem},
	school = {PUC-SP},
	year = {2003},
	address = {São Paulo, Brasil}	
}

@book{lima2013,
	author = {Lima, E. L. and Carvalho, P. C. P. and Wagner, E. and Morgaco, A. C.},
	title = {Temas e problemas elementares},
	series = {Coleção PROFMAT},
	edition = {5}, 
	publisher = {Sociedade Brasileira de Matemática},
	year = {2013},
	address = {Rio de Janeiro, Brasil}
}

@book{lima2006,
	author = {Lima, E. L. and Carvalho, P. C. P. and Wagner, E. and Morgaco, A. C.},
	title = {A Matemática do Ensino Médio},
	series = {Coleção do Professor de Matemática},
	volume = {2},
	edition = {6}, 
	publisher = {Sociedade Brasileira de Matemática},
	year = {2006},
	address = {Rio de Janeiro, Brasil}
}

@techreport{moreira2011,
  author       = {Moreira, M. A.}, 
  title        = {Aprendizagem significativa, campos conceituais e pedagogia da autonomia: implicações para o ensino},
  institution  = {UFRGS},
  year         = 2011,
  address      = {Rio Grande do Sul, Brasil},
}

@book{novak1985,
	author = {Novak, J. D.},
	title = {Aprender a aprender},
	publisher = {Cambridge University Press},
	year = {1984},
	address = {Cambridge, Reino Unido}
}

@article{santos2014,
	author = {Santos, J. A. S.},
	title = {Problemas de ensino e de aprendizagem em perímetro e área de figuras planas},
	journal = {Revista Eletrônica de Educação Matemática},
	address = {Santa Catarina, Brasil},
	volume = {9},
	number = {1},
	pages = {224-238},
	year = {2014}
}

@misc{silva2020a,
	author = {Marcos Noé Pedro da Silva},
	title = {Cálculo de Áreas Especiais},
	howpublished = {Brasil Escola},
	note = {Disponível em \url{https://brasilescola.uol.com.br/matematica/calculo-de-areas-especiais.htm}. Acesso em 05 de fevereiro de 2021},
	year = {2020}
}


@book{skovsmose2014,
	author = {Skovsmose, O.},
	title = {Um convite à Educação Matemática Crítica},
	address = {São Paulo, Brasil},
	publisher = {Papirus Editora},
	year = {2015}
}

@misc{silva2020b,
	author = {Marcos Noé Pedro da Silva},
	title = {Fórmula de Heron},
	howpublished = {Mundo Educação},
	note = {Disponível em \url{https://mundoeducacao.uol.com.br/matematica/formula-heron.htm}. Acesso em 05 de fevereiro de 2021},
	year = {2020}
}

@mastersthesis{luz2010,
author = {Silas Venâncio da Luz},
title = {Aprendizagem Significativa de Função do 1\super{o} Grau: Uma Investigação Por Meio da Modelagem Matemática e dos Mapas Conceituais},
year = {2010},
school = {Universidade Estadual de Maringá},
address = {Paraná, Brasil},
note = {Disponível em: \url{http://repositorio.uem.br:8080/jspui/bitstream/1/4400/1/000181059.pdf}. Acesso em 05 de fevereiro de 2021}
}

@mastersthesis{menegolla2006,
author = {Angela Maria Menegolla},
title = {Mapas Conceituais como Instrumento de Estudo na Matemática},
school = {PUR-RS},
year = {2010},
address = {Rio Grande do Sul, Brasil},
note = {Disponível em: \url{http://tede2.pucrs.br/tede2/bitstream/tede/3401/1/346967.pdf}. Acesso em 05 de fevereiro de 2021}}
}

@misc{univesp2015a,
	author = {UNIVESP},
	title = {Psicologia da Aprendizagem - Aula 13 - O que são mapas conceituais},
	year = {2015},
	howpublished = {Youtube},
	note = {Disponível em: \url{https://www.youtube.com/watch?v=aF0UbIdN1Eg}. Acesso em 05 de fevereiro de 2021}
}

@misc{univesp2015b,
	author = {UNIVESP},
	title = {Psicologia da Aprendizagem - Aula 14 - Como elaborar bons mapas conceituais conceituais},
	year = {2015},
	howpublished = {Youtube},
	note = {Disponível em: \url{https://www.youtube.com/watch?v=aF0UbIdN1Eg}. Acesso em 05 de fevereiro de 2021}
}


@misc{multimidia2021,
	title = {Recursos educacionais multimídia para a matemática do ensino médio},
	author = {UNICAMP},
	year = {2021},
	howpublished = {Matemática Multimídia},
	note = {Disponível em: \url{https://m3.ime.unicamp.br/recursos}. Acesso em 05 de fevereiro de 2021}	
}

@misc{impa2020,
	title = {Programa de Aperfeiçoamento para Professores de Matemática do Ensino Médio},
	author = {Eduardo Wagner},
	howpublished = {Site do IMPA},
	year = {2020},
	note = {Disponível em: \url{https://impa.br/ensino/programas-de-formacao/linha-do-tempo-dos-cursos/papmem-janeiro-de-2020/}. Acesso em 05 de fevereiro de 2021}
}

@misc{ogeogebra2020,
	title = {Curso de Geogebra},
	author = {{O Geogebra}},
	howpublished = {website O Geogebra},
	year = {2020},
	note = {Disponível em: \url{https://ogeogebra.com.br/site/index.php}. Acesso em 05 de fevereiro de 2021}
}

@phdthesis{ribeiro2015,
	title = {O Ensino de Razões Trigonométricas no Triângulo Retângulo a Partir de Situações Aplicadas à Física: Um Estudo Baseado nas Unidades de Ensino Potencialmente Significativas},
	school = {Universidade Anhanguera de São Paulo},
	author = {Tiago Nery Ribeiro},
	year = {2015},
	address = {São Paulo, Brasil}
}