@mastersthesis{andre2008,
  author       = {André, S.}, 
  title        = {Uma proposta para o ensino do conceito de derivada no ensino médio},
  school       = {Universidade Federal do Estado do Rio de Janeiro},
  year         = 2008,
  address      = {Rio de Janeiro, Brasil},
}

@article{duval1993,
	author = {Duval, R.},
	title = {Registres de représentation sémiotique et fonctionnement cognitif de la pensée},
	year = {1993},
	journal = {Annales de Didactique et de Sciences Cognitives},
	pages = {37-64},
	publisher = {Institute of research on the teaching of mathematics - University of Strasbourg},
	address = {Estrasburgo, França}
}

@article{rezende2012,
author = {Rezende, Wanderley and Pesco, Dirce and Bortolossi, Humberto},
year = {2012},
month = {03},
title = {Explorando aspectos dinâmicos no ensino de funções reais com recursos do GeoGebra},
volume = {1},
number = {1},
journal = {Revista do Instituto GeoGebra Internacional de São Paulo},
publisher = {Pontifícia Universidade Católica de São Paulo},
address = {São Paulo, Brasil}
}

@book{roque2012,
	author = {Tatiana Roque},
	title = {História da Matemática - Uma visão crítica, desfazendo mitos e lendas},
	publisher = {Jorge Zahar},
	year = {2012},
	address = {Rio de Janeiro, Brasil}
}

@article{stump2001,
author = {Stump, Sheryl},
year = {2001},
month = {03},
pages = {81 - 89},
title = {High School Precalculus Students' Understanding of Slope as Measure},
volume = {101},
journal = {School Science and Mathematics},
publisher = {School Science and Mathematics Association},
address = {Oklahoma, Estados Unidos}
}

@Book{swan1985,
 author = {Swan, Malcolm},
 title = {The Language of Functions and Graphs: an Examination Module for Secondary Schools},
 publisher = {Shell Centre for Mathematical Education Joint Matriculation Board},
 year = {1982},
 address = {Nottingham, Reino Unido},
 }