@book{alves1996,
	author = {Alves, S. and Galvão, M.E.L.},
	title = {Um estudo geométrico das transformações elementares},
	year = {1996},
	address = {São Paulo, Brasil},
	publisher = {IME-USP}
},

@article{balacheff1987,
	author = {Balacheff, N.},
	title = {Processus de Preuve et Situations de Validation},
	journal = {Educational Studies in Mathematics},
	volume = {18},
	number = {2},
	pages = {147-176},
	year = {1987},
	publisher = {Springer Healthcare},
	address = {Países Baixos}
}

@article{boaler1988,
	author = {Boaler, J.},
	title = {Open and Closed Mathematics: Student Experiences and Understandings},
	journal = {Journal for Research in Mathematics Education},
	year = {1998},
	volume = {29},
	number = {1},
	pages = {41-62},
	publisher = {National Council of Teachers of Mathematics},
	address = {Virgínia, Estados Unidos},
	note = {Disponível em: \url{http://www.jstor.org/stable/749717} Acesso em: 21 mai. 2020}
}

 @manual{BNCC2018,
	author = {Brasil},
	title = {Base Nacional Comum Curricular},
	year = {2018},
	organization = {Ministério da Educação},
	note = {Disponível em: \url{http://basenacionalcomum.mec.gov.br}},
	address = {Brasília, Brasil}
}

@book{bruner1960,
	author = {Bruner, J.},
	title = {The Process of Education},
	publisher = {Harvard University Press},
	year = {1960},
	address = {Cambridge, Estados Unidos},	
}

@book{bruner1966,
	author = {Bruner, J.},
	title = {Toward a Theory of Instruction},
	publisher = {Harvard University Press},
	year = {1966},
	address = {Cambridge, Estados Unidos}	
}

@article{bruner1965,
	author = {Bruner, J.},
	title = {The growth of mind},
	journal = {American Psychologist},
	volume = {20},
	number = {12},
	pages = {1007-1017},
	publisher = {American Psychologist Association},
	address = {Washington, D. C., Estados Unidos},
	year = {1965}
}

@mastersthesis{cona2017,
	author = {Cona, D. C.},
	title = {Ensino de Isometrias na Educação Básica - Uma aplicação didática em sala de aula},
	school = {IME-USP},
	year = {2017},
	address = {São Paulo, Brasil}
}

@book{coxete1969,
	author = {Coxeter, H. S. M.},
	title = {Introduction to Geometry},
	publisher = {John Wiley \& Sons, Inc.},
	year = {1969},
	address = {Nova Jersey, Estados Unidos}
}

@article{villiers1990,
	author = {Michael De Villiers},
	title = {The role and function of proof in mathematics},
	journal = {Pythagoras},
	pages = {17-24},
	year = {1990},
	volume = {24},
	number = {24},
	address = {Durbanville, África do Sul},
	publisher = {Association for Mathematics Education of South Africa}
}

@article{villiers2001,
	author = {Michael De Villiers},
	title = {Papel e funções da demonstração no trabalho com o Sketchpad},
	journal = {Educação e Matemática},
	address = {Lisboa, Portugal},
	publisher = {Associação de Professores de matemática},
	volume = {62},
	year = {2001}
}

@article{fiorentini1995,
	author = {Fiorentini, D.},
	title = {Alguns modos de ver e conceber o ensino da Matemática no Brasil},
	year = {1995},
	volume = {3},
	number = {4},
	pages = {1-37},
	journal = {Zetetiké},
	publisher = {Unicamp},
	address = {São Paulo, Brasil}
}

@phdthesis{grenier1988,
	author = {Grenier, D.},
	title = {Construction et étude du fonctionnement d’un processus d’enseignement sur la symétrie orthogonale en sixième. Modélisation et simulation},
	school = {Université Joseph-Fourier},
	address = {Grenoble, França},
	year = {1988}
}

@book{machado2010,
	author = {Nilson J. Machado},
	title = {Educação: competência e qualidade},
	publisher = {Escrituras},
	address = {São Paulo, Brasil},
	year = {2010}
}

@mastersthesis{matheus2016,
	author = {Aline dos Reis Matheus},
	title = {Argumentação e prova na matemática escolar},
	school = {IME-USP},
	address = {São Paulo, Brasil},
	year = {2016}
}

@phdthesis{pastor1993,
	title = {Aportaciones a la interpretación y aplicación del modelo de Van Hiele: la enseñanza de las isometrias del plano. La evaluación del nível de razonamiento},
	author = {Adela Jaime Pastor},
	school = {Universitat de Valencia},
	year = {1993}
}

@book{pasquini2015,
	title = {Simetria - História de um Conceito e Suas Implicações no Contexto Escolar},
	author = {Regina Célia Guapo Pasquini and Humberto Josè Bortolossi},
	publisher = {Editora Livraria da Física},
	year = {2015},
	address = {São Paulo, Brasil}
}

@book{perrenoud1999,
	title = {Construir as competências desde a escola},
	author = {Artes Médicas Sul},
	year = {1999},
	publisher = {Artes Médicas Sul},
	address = {Rio Grande do Sul}
}

@phdthesis{pietropaolo2005,
	title = {(Re)significar as demonstrações nos currículos da educação básica e da formação de professores de matemática},
	author = {Pietropaolo, R.},	
	school = {PUC-SP},
	address = {São Paulo, Brasil},
	year = {2005}
}

@book{roldao1994,
	title = {O Pensamento Concreto da Criança: Uma Perspectiva a Questionar no Currículo},
	author = {Roldão, M. C.},
	address = {Lisboa, Portugal},
	year = {1994},
	publisher = {Instituto de Inovação Educacional},
}

@article{sowder1998,
	author = {Sowder, L. and Harel, G.},
	title = {Types of Students’ Justifications},
	journal = {Mathematics Teacher},
	volume = {91},
	number = {8},
	pages = {670-675},
	year = {1998},
	address = {Virgínia, Estados Unidos},
	publisher = {National Council of Teachers of Mathematics}
	}

@phdthesis{spinelli2011,
	author = {Spiunelli, W.},
	title = {A construção do conhecimento entre o abstrair e o contextualizar: o caso do ensino de matemática},
	year = {2011},
	school = {Faculdade de Educação da USP},
	address = {São Paulo, Brasil},
}

@book{yaglom1962,
	author = {Yaglom, Y. M.},
	title = {Geometric Tranformations},
	publisher = {Mathematical Association of America},
	year = {1962},
	address = {Washington, D. C., Estados Unidos}
}